2479 3508
211 115 2356 353 lege ich diesem Schreiben Einhundert R. MK.
217 294 2313 468 bei jedoch nach Ihrem Ermessen, und des
230 396 2374 570 ganzen Vorstands zur freien Verfügung.
227 497 2243 660 Ich mein der Männerchor ist über en,
209 602 2307 773 win ich gilts in Freud u. Leid da nun
209 711 2340 885 solche anerkenne und danke ich Allen von
217 802 1110 979 ganzem Herzen.
302 920 1495 1187 Mit-Kameradschaftlichem
1516 941 1842 1171 Gruß
1337 1110 1938 1267 Heil Hitler
1061 1227 1955 1398 Jakob Küpfer
