2479 3508
352 93 904 197 Der Bürgermeister
266 147 936 270 der Gemeinde Murg
1421 82 2171 247 Murg, den 20. März 1940.
471 363 1025 541 Einladung
474 515 2098 660 auf Oster-Sonntag, den 24. März, abends 8 Uhr in den
471 612 1455 724 Murgtalsaal zu einem
869 707 1529 809 Konzert.
476 820 1114 952 Eintritt: 50 Pfg. -
487 941 2130 1057 Für die gesamten Einnahmen aus der Veranstaltung wird
480 1006 2206 1112 die Gemeinde den hiesigen Soldaten eine Liebes-
489 1096 2178 1187 gabe zukommen lassen. Unterstützen Sie diese edle Sache
478 1179 2178 1267 durch Ihr Erscheinen. Ich bitte Sie darum. Sie beweisen
478 1226 2048 1380 damit Ihre Verbundenheit zwischen Heimat und Front.
1384 1395 1992 1531 Der Bürgermeister:
1514 1503 1842 1622 gez. Grass
337 1858 891 1972 Der Bürgermeister
1378 1871 2113 2020 Murg, den 20. März 1940.
283 1927 956 2061 der Gemeinde Murg
463 2026 740 2139 –
461 2171 1014 2357 Einladung
469 2351 2095 2480 auf Oster-Sonntag, den 24. März, abends 8 Uhr in den
454 2446 1449 2569 Murgtalsaal zu einem
884 2528 1544 2692 Konzert.
467 2651 1099 2772 Eintritt: 50 Pfg. -
465 2738 2119 2876 Für die gesamten Einnahmen aus der Veranstaltung wird
463 2826 2204 2963 die Gemeinde den hiesigen Soldaten eine Liebes-
458 2937 2178 3017 gabe zukommen lassen. Unterstützen Sie diese edle Sache
463 3002 2173 3114 durch Ihr Erscheinen. Ich bitte Sie darum. Sie beweisen
456 3073 2048 3194 damit Ihre Verbundenheit zwischen Heimat und Front.
1375 3190 1981 3339 Der Bürgermeister:
1509 3311 1866 3419 gez. Grass
