2479 3508
63 0 707 131 Männerchor Murg
81 87 720 216 (Alter Schweizer-Männerchor)
226 171 649 292 Sehr wichtig!
923 242 1540 392 Fragebogen
229 347 2345 476 (Vom Vereinsführer oder dessen Stellvertreter gewissenhaft auszufüllen
237 423 2276 549 und als bald, spätestens bis 1. Dezember lf.d Js., an den zuständigen
226 465 1167 578 Sängerkreisführer einzusenden.)
216 549 999 670 Vereinsort: Murg /Baden
1238 570 1609 694 Vereinsname:
208 620 1648 791 Ist der Vereins- (Probe-) Betrieb im Gange?  ja
208 747 1172 881 Wenn ja, mit wievielen Sängern?
1559 775 1648 878 20
205 825 1696 988 Wieviele Sänger sind zum Heeresdienst einberufen:
1756 870 1853 973 11
202 931 2061 1094 Wieviele Sänger sind aus anderen Gründen ortsabwesend? keine
210 1041 2316 1159 Wieviele ortsanwesenden Sänger fehlen bis jetzt noch in den Proben? 4
308 1133 1530 1233 - Sie müssen restlos herangeholt werden-
200 1193 2062 1338 Wieviele Sänger zählte der Verein vor Kriegsbeginn? 35
205 1291 2079 1448 Ist eine Arbeitsgemeinschaft mit Brudervereinen gebildet? nein
200 1370 852 1472 Wenn ja, mit welchen?
200 1420 1299 1580 Wenn der Vereinsbetrieb ruht, warum? ---
189 1538 818 1675 Fehtl es an Sängern?
1036 1543 1940 1653 Ist kein Chorleiter vorhanden?
1038 1606 2366 1738 Ein Sänger hat aushilfsweise die Chorführung
1038 1688 2121 1785 übernommen. Dirigent ist eingezogen.
187 1724 1375 1848 Fehlt es an einem Probelokal und warum?
189 1803 2177 1956 Ist eine Arbeitsgemeinschaft mit einem oder mehren Brudervereinen,
195 1903 1903 2000 evtl. auch in Nachbarorten nicht möglich und warum nicht?
187 1958 2245 2082 Gegebenenfalls: wann wird der Vereinsbetrieb allein oder notfalls in
184 2035 1937 2153 Arbeitsgemeinschaft mit Brudervereinen wieder aufgenommen?
173 2132 2269 2240 Haben schon öffentliche Chordarbietungen stattgefunden? nein, wir sind
145 2184 707 2295 Wenn ja, wievile?
807 2221 2358 2321 dazu nicht in der Lage, weil der 1. Tenor praktisch
812 2255 1772 2326 nur noch aus einem Mann besteht.
173 2266 1385 2403 Für wann sind solche künftig vorgesehen.
163 2353 2208 2513 Sind Liederstunden oder Konzerte zu Gunsten des Kriegswinterhilfes-
168 2458 1094 2550 werkes ausgeführt worden? nein
1459 2458 1748 2560 Wieviele?
168 2500 2263 2655 Für wann, in welcher Art und welcher Zahl sind solche Veranstaltungen
166 2613 2163 2726 für diesen Winter- immer im Benehmen mit den Parteidienststellen-
166 2655 510 2742 vorgesehen?
158 2729 1693 2844 Ist der Bundesbetrag für das Jahr 1939 bezahlt? ja
171 2805 1491 2897 (Am 1. Oktober war die letzte Rate fällig!)
139 2865 2100 2999 Die Richtigkeit der obigen Angaben wird pflichtgemäss versichert
189 2992 1015 3133 Murg, den 5. Dezember 1939.
1651 3034 2035 3165 Zimmermann
1672 3149 2058 3262 Unterschrift
1630 3236 2035 3304 Vereinsführer
1501 3283 1648 3386 oder
1688 3286 2240 3402 Steltvertreter
770 63 2106 213 Sängergau XV im Deutschen Sängerbund (Baden)
1538 176 2045 284 Sängerkreis: 2
