2479 3508
213 250 482 360 In Eile!
1207 255 2247 383 Herrischried, den 13.Februar 1940.
580 542 1169 662 Mein Allerliebster!
911 652 2283 764 Brieferhalt. Empfange herzl Dank für Deine gute
604 739 1637 822 Meinung, aber es wird NICHTS.
915 786 2425 882 1. Kann ich nicht feiern, wenn der Sohn an der Front
973 849 1105 908 ist.
915 865 2467 958 2. Kann ich nicht sagen, wenn ich in Murg bin, es rich
983 940 2442 1006 tet sich alles nach dem Wetter, es kann am Freitag
975 991 2430 1084 schön sein und am Samstag wenn ich fahren sollte
977 1047 1281 1115 Sauwetter.
915 1055 2446 1190 3. Habe ich meine früheren Ständchen noch nicht ver-
971 1146 1165 1209 dankt.
915 1163 2365 1256 Du bekommst bestimmt keine Schwierigkeiten wegen
921 1242 2361 1302 meiner Person. Mache ja keinen Blödsinn. Wenn wir
915 1287 2308 1378 und Wiedersehen dann haue ich Dich im Hirschen
938 1339 2059 1401 nein nein ich kaufe wir ein Brötchen.
908 1385 1898 1447 So wird es gemacht Herr Vorstand.
608 1420 2076 1509 Auf ein baldiges Wiedersehen freue ich mich sehr.
1384 1507 1736 1627 Herzl.Gruss
1473 1596 1620 1664 Dein
1459 1641 1627 1745 Carl
