2479 3508
80 123 728 249 Männerchor Murg
91 240 732 333 (Alter Schweizer-Männerchor)
1246 219 2156 360 Murg, den 2. September 1943.
579 513 1307 623 An die aktiven Sänger !
591 659 2226 741 Ich möchte alle Kameraden bitten, heute Abend 830 Uhr
589 703 2411 812 im Probelokal zu sein. Wir wollen uns wegen der Beteiligung
591 787 2341 833 an der Beerdigung unseres Sangesbruders Strittmatter aus-
595 830 2430 922 sprechen. Das Begräbnis findet am Samstag früh 10 Uhr statt.
1430 897 2033 1052 Der Vereinsführer:
1708 991 2180 1070 Zimmermann
