2479 3508
884 79 1483 182 Abschrift!
231 241 604 356 Der Landrat
1209 228 2405 364 Säckingen , den 6. Oktober 1939.
1209 353 2005 469 Tanzveranstaltungen betre.
305 428 2121 528 Bezüglich der Abhaltung von Tanzveranstaltungen bin ich ge-
246 505 2151 579 zwungen, auf meine Verfügung vom 21. Juli 1937 nochmals hinzu-
246 569 2218 640 weisen. Ich werde zukünftig den allerstrengsten Masstab anwenden
251 599 2297 689 und Gesuche, die durch Nichteinhaltung der von mir gegebenen Richt-
241 668 2300 768 linien zu spät eingereicht oder die nicht im voraus bezahlt werden,
248 727 966 789 grundsätzlich ablehnen.
302 738 2277 873 Die Gebühren für die Genehmigung zur Abhaltung von Tanzvergnügen
248 797 561 889 betragens
246 843 1749 971 a) für Vereine- und geschlossene Gesellschaften .
248 1145 1386 1293 b.) für öffentliche Tanzbelustigungen
364 1486 1199 1578 Bei Gesuchen um Genehmigung
1224 1493 2182 1580 von regelmässig wiederkehrenden
241 1544 2210 1667 Tanzveranstaltungen (wöchentlich mindestens 1 mal) ist folgendes
241 1608 622 1672 zu beachtens
297 1637 2185 1749 Für jeden einzelnen Tanztag ist eine Taxe von 5 RM. in Ansatz
238 1708 1204 1806 zu bringen. Im übrigen ist eine
1224 1724 2085 1811 einmalige Sportel von 10 RM.
238 1754 589 1842 zu erheben.
579 1770 2039 1911 Beispiel s Gesuch für 10 Tänze wird eingereicht
236 2126 2208 2231 Bezüglich der Benachrichtigung der Stagma verweiss ich auf meine
241 2205 1217 2295 Verfügung vom 20 September 1938.
325 2221 2272 2331 Ich ersuche diese Verfügung sämtlichen in Frage kommenden Gast-
236 2297 2185 2374 wirten, Kaffees uswo zur Kenntnie zu geben. Bei Einreichung von
238 2354 2208 2431 Gesuchen ist darauf zu achten, dass der Gesuchsteller die Kosten
241 2415 2203 2492 entweder bereits bar auf der Bezirkskasse Säckingen oder auf das
231 2456 1811 2561 Postscheckkonto Nr. 30835 Karlsruhe einbezahlt hat.
1183 2513 1783 2623 gez. Schühly
902 2651 1509 2751 Beschluss!
228 2702 2126 2805 An die Herren Gastwirte und Vereinsvorstände in Murg, mit dem
231 2787 2126 2861 Hinzufügen, dass ich in Zukunft bei Eingaben strengstens nach
228 2833 1808 2910 den Richtlinien des Herrn Landrate verfahren werde.
1060 2866 1967 2951 Murg, den 13. Oktober 1939.
1050 2935 1629 3035 Der Bürgemeister.
1106 3058 1352 3237 Grasser
