2479 3508
1287 191 2084 305 Murg, den 10. Juli 1943.
46 63 688 216 Männerchor Murg
46 191 700 313 (Alter Schweizer-Männerchor)
470 400 1197 531 An die aktiven Sänger !
473 536 2215 654 Sangesbruder Albert Hirtler ist gestern Abend.
487 635 2213 720 seiner schweren Krankheit leider erlegen. Die Beerdigung
482 688 2145 747 findet am Montag, den 13. Juli, nachmittags 3 Uhr, in
485 742 2174 807 Tiengen statt. Wir werden mit Fahne daran teil-
482 793 2087 858 nehmen. Ich wäre dankbar, wenn möglichst eine grosse
482 843 2184 904 Anzahl Sängerkameraden den verstorbenen Sangesbruder zu
485 899 1566 967 seiner Ruhestätte begleiten würden.
477 962 2259 1062 Die Fahrtkosten für die Teilnehmer trägt die Vereinskasse.
482 1033 2426 1132 Wir wollen morgen Sonntag um 11 Uhr vormittags kurz im Schulhaus
487 1127 2193 1195 zusammenkommen und alles nähere besprechen. Ich erwarte,
487 1163 2017 1253 dass jeder Sänger an dieser Besprechung teilnimmt.
1394 1263 1963 1369 Der Vereinsführer:
1687 1352 2077 1428 Zimmermann
305 1626 875 1740 Kenntnis genommen:
