2479 3508
106 163 802 317 Sängergau XV Baden
360 281 540 370 im DSB
149 346 742 459 (Badischer Sängerbund e. V.)
1323 223 1837 334 Bruchsal, Kaiserstraße 10.
1842 264 2284 370 den 3. Oktober 1942.
1330 315 1808 389 Karlsruhe, Klosestraße 1.
317 828 1695 948 An alle Sängerkreise, Sängergruppen und Chöre
324 927 1045 1033 im Sängergau XV Baden.
540 1119 1073 1251 Liebe Sangeskameraden !
331 1225 2257 1352 Als stellvertretender Sängergauführer, der für die Dauer der Einberufung des neu gewählten
334 1340 2252 1426 Sängergauführers die Führung des Sängergaues übernommen hat, mache ich folgende Mitteilungen:
329 1426 826 1549 I. Organisatorisches:
471 1532 2257 1633 1.) Unser bisheriger, um die Sängersache hochverdienter Sängergauführer Karl Schmitt
550 1623 2257 1681 ist infolge seiner Berufung als Geschäftsführer des Deutschen Sängerbundes nach
555 1676 2248 1741 Ablauf seiner Amtsperiode aus der Führung des Sängergaues Baden ausgeschieden.
555 1731 2257 1796 Ihm wurde beim Gausängertag am 27. September 1942 für seine vorbildliche Führung
557 1794 2250 1868 des Sängergaues während acht Jahren herzlich gedankt. Unsere besten Wünsche
559 1832 1157 1923 begleiten ihn in die Zukunft.
555 1887 2250 1988 An seiner Stelle wurde auf dem ordentlichen Gausängertag in Karlsruhe am 27.
552 1986 2248 2055 September 1942 einstimmig Hauptlehrer Helmut Adolf Schmitt in Kappelrodeck,
555 2034 2149 2096 der jüngste unter den seitherigen Sängerkreisführern, auf den Schild erhoben.
547 2125 1234 2216 Einmütig wiedergewählt wurden:
658 2200 2255 2284 zum stellvertr. Sängergauführer: Oberstudiendirektor Dr. Münch in Bruchsal,
658 2274 2248 2368 und zu Rechnungsprüfern: die Bankvorstände Bader in Heidelberg und
660 2344 1107 2418 Scheu in Pforzheim.
473 2413 2248 2492 4.) Der neue Sängergauführer bestätigte sämtliche seitherigen Sängerkreisführer in ihren
559 2488 1849 2548 Ämtern und berief namentlich in die Sängergauführung wieder:
670 2565 2079 2649 Oberstudienrat Hugo Rahner in Karlsruhe als Sängergauchormeister,
663 2632 2012 2740 Oberregistrator Otto Horn in Karlsruhe als Sängergaukassenwart.
550 2701 1683 2817 Der Führerrat hat demnach folgende Zusammensetzung:
658 2795 2248 2886 Sängergauführer: Helmut Adolf Schmitt in Kappelrodeck (z. Zt. Wehrmacht)
660 2874 2243 3002 Stellvertr. Sängergauführer: Oberstudiendirektor Dr. Josef Münch in Bruchsal,
668 2951 1186 3038 Kaiserstraße 10, Tel. 2746.
658 3002 2236 3126 Sängergauchormeister: Oberstudienrat Hugo Rahner in Karlsruhe, Moltke-
663 3081 1069 3165 straße 15a, Tel. 997.
663 3129 2238 3218 Sängergaukassenwart: Oberregistrator Otto Horn in Karlsruhe, Klosestraße 1,
660 3218 852 3304 Tel. 1837
