2479 3508
1667 33 2360 287 23. Juli 42
41 296 2360 415 Lieber Sängerkamerad Albiez !
68 483 2378 649 Vom Besuch der Heutigen Singstunde musste ich mich aus gesundheitli-
110 583 2405 723 chen Gründen entschuldigen, da ich seit vergangenen Freitag plötzlich
68 678 2405 785 an meinem alten Kriegsleiden wieder, erkrankte und seitdem bettlegerig
15 761 2381 871 bin. Ich habe mich dieserhalb beim, Vereinsvorstand bereits entschul-
24 835 2405 956 digt. Der hauptsächlichste Grund meiner plötzlichen Erkränkung dürfte
77 918 2402 1016 auch Sie interessieren, weshalb ich Ihnen diesen kurz schildern möch-
201 1010 2405 1090 te. Es ist Ihnen sowohl, als auch dem, ganzen Männerchor bekannt, dass
249 1075 2313 1164 ich schon seit Jahren in der Singstunde den Vorzug geniesse, statt
80 1158 2336 1256 auf einer gewöhnlichen Sitzbank, auf einem Sessel sitzen zu dürfen.
133 1238 2310 1338 Diesen Vorzug erbat ich mir s. Zt. nicht etwa aus Bequemlichkeits-
98 1300 2363 1413 grunden,- sondern aus Gesundheitsgründen. Es ist allgemein bekannt u.
269 1374 2328 1460 ärztlicherseits anerkannt, dass ich mir im Weltkrieg ein schweres
267 1454 2375 1564 Ischiasleiden zugezogen habe, von dem ich mich wohl lebtäglich nicht
264 1507 2425 1643 mehr ganz erholen werde. Das Wesen und die Auswirkungen dieses Leidens
258 1605 2360 1706 ist nicht allenthalben wirklich bekannt, weil es ein inneres Nerven-
201 1682 2331 1792 leiden ist, das einerseits den davon Erkrankten wohl beständig, je-
172 1723 2413 1869 doch meistens ertragbar plagt, anderseits jedoch unverhofft und plötz-
89 1815 2369 1946 lich als Anfall (Hexenschussähnlich) auftritt und dem Erkrankten je-
139 1880 2357 2011 de Gehmöglichkeit unter nicht geringen Schmerzen untersagt. Der Aus-
12 1966 2357 2082 bruch eines solchen Anfalles wird durch verschiedenartige meist äus-
21 2049 2354 2162 sere Einwirkungen, auf den Kranken bewirkt. So.z. B.Durch Erkältung,
80 2120 2322 2236 Überanstrengung, Witterungswechsel, langes gehen oder stehen, unbe-
80 2168 2387 2310 quemes sitzen oder liegen u.s.w. Der sogenannte, Ischiasnerv schrumpft
36 2254 2390 2393 durch derartige Einwirkungen plötzlich ein, d.h. er wird kürzer, ruft
68 2328 2351 2437 dadurch heftige Schmerzen hervor und legt einen gewissen Körperteil,
47 2407 2333 2532 entweder das rechte oder das linke Bein vom Kreuz aus bis zur Fuss-
21 2484 2333 2621 zehe lahm. Jeder körperlichen Bewegung folgen nun riesige Schmerzen
287 2550 2336 2668 und zwar so lange, bis sich dieser eingeschrumpfte Ischiasnerv, wie-
124 2636 2381 2748 der in seine alte Lage gestreckt hat, was je nach stärke des Anfalles
181 2713 2328 2822 und fachkundiger Behandlung Wochen ja sogar Monate, dauern kann. Oft
41 2778 2259 2878 wiederholen sich diese Anfälle nach kurzer Zeit wieder, wenn, der
62 2861 2301 2970 Kranke nicht die nötigen Vorkehrungen dagegen zu treffen versteht.
38 2941 2304 3056 Sicher ist jedoch, dass sich der Kranke, bei dem der Ischiasnerv
192 2994 2393 3145 in dem hohen Grade beschädigt ist wie z.B. bei mir, vor periodiochen
98 3089 2301 3186 Anfallen nie mehr ganz retten kann.
225 3148 2336 3266 Dieses innere, heimliche aber nicht destoweniger schwere Leiden ist
284 3204 2322 3391 nicht allon Menschen bekannt und wird deshalb auch meist in seinen
