2479 3508
79 9 1675 132 Sitzgelegenheit den Anfall unmittelbar hervorrufen.
81 50 1897 196 Dies schien am letzten Donnerstag der Fall gewesen zu sein.
85 161 2441 257 Wenn ich Eingangs erwähnt habe, dass ich schon seit Jahren meinen genannten
125 97 2346 214 Wirkung unterschätzt, weil man dem Kranken in Normalzeiten das Leiden
91 187 2430 307 nicht ansieht. Ich weiss bestimmt, dass auch mehrere Sängerkameraden dieses
97 269 2424 375 Leiden nicht kennen und deshalb vieleicht glauben, ich möchte durch die Be-
91 357 2406 433 reitstellung eines Lehn-Stuhles in der Singstunde mir ein Extrawürstchen
100 422 2453 512 gebraten haben um bequemer sitzen zu können. Dies ist jedoch nicht der Fall.
100 495 2424 594 Es ist mir leid genug, diese vermeindliche Bevorzugung für mich in Anspruch-
102 574 2371 703 nehmen zu müssen um meiner beschädigten Gesundheit weitmöglichst Rechnung
108 644 2345 729 zu tragen. Wenn ich auch nur kurze Zeit auf einer gewöhnlichen Bank ohne
105 714 2430 834 Rückenlehne, oder als Rückenlehne vieleicht eine senkrechte evtl. noch kal-
100 802 2427 878 ten Zimmerwand zu sitzen genötigt bin, so liegt bei mir die Gefahr sehr na-
111 869 2424 969 he meinen Ischiasanfall dadurch mindestens zu beschleunigen, wenn nicht so-
108 960 2392 1036 fort hervorzurufen. Ich möchte damit nicht sagen, dass ich bei jedem male,
114 1030 2395 1121 wenn ich genötigt bin schlecht zu sitzen, meinen Ischiasanfall bekomme. Es
117 1107 2342 1200 mag dies einige male ganz gut vorbei gehen d.h. ohne weitere Folgen. Je-
114 1186 2374 1259 Je nachdem aber, wie ich zu einer solchen Zeit gerade gesundheitlich dis-
123 1247 2389 1355 poniert bin, d.h. ob mein Ischiasnerv zu dieser Zeit vieleicht schon durch
117 1329 2354 1411 andere Einwirkungen geschwächt oder angegriffen ist, kann eine schlechte
120 1414 2175 1490 Sitzgelegenheit den Anfall unmittelbar hervorrufen.
123 1475 2178 1560 Dies schin an letzten Donnerstag der Fall gewesen zu sein.
117 1525 2427 1669 Wenn ich Eingangs erwähnt habe, dass ich schon seit Jahren meinen gewohnten
132 1622 2430 1710 Lehn - Sessel in der Singstunde hatte, so muss ich leider feststellen, dass
132 1698 2374 1800 dieser Lehnsessel in letzter Zeit im Gesanglokal oft fehlt. Schon des öf-
138 1762 2286 1862 tern war ich in letzter Zeit genötigt, mir aus irgendeinem Lokal oder
135 1847 2401 1950 Schulzimmer einen Stuhl zu holen. In der vorletzten Singstunde z.B. holte
138 1923 2330 2002 ich mir einen Stuhl aus dem nächstgelegenen Schulzimmer. In der letzten
135 1985 2424 2073 Singstünde (16.7.42) fehlte wieder der Stuhl und wollte ich mir wieder ei-
111 2049 2424 2175 nen holen, fand-jedoch alle Lokale abgeschlossen, wodurch ich genötigt war,
135 2146 2362 2222 auf der Sitzbank Platz zu nehmen. Gerade an diesem letzten Donnerstag war
143 2207 2324 2295 ich ohnehin durch geschäftliche Überanstrengung etwas ermüdet, dazu kam
138 2281 2403 2371 dann noch die für mich in solchen Fällen unpassende Sitzgelegenheit. Durch
141 2339 2401 2442 dieses unglückliche Zusammentreffen von Ermüdung und unpassender Sitzgele-
135 2427 2401 2509 genheit fühlte ich mich schon in der Nacht vom Donnerstag auf Freitag sehr
141 2497 2430 2617 unwohl im Kreuz und am Freitag früh wurde ich durch den Ischiasanfall über-
138 2573 2163 2658 rascht, der mich seitdem ans Bett fesselt.
138 2623 2365 2764 selbstverständlich kann hierfür niemand etwas und liegt es mir auch fern,
138 2723 2248 2831 Irgend jemand direkt oder indirekt hieran die Schuld geben zu wollen.
143 2799 2398 2904 Wenn ich Ihren in obigem geschildert habe, wie sich mein Kriegsleiden aus-
138 2860 2389 2966 wirkt und wie mancherlei äussere Einwirkungen einen Ischiasanfall bei mir-
138 2930 2406 3030 hervorrufen, so tat ich dies nur deshalb, um gerade speziell Sie als alter
141 3009 2450 3141 Kriegskamerad um das nötige Verständnis für mein Leiden zu bitten und da Sie
143 3080 2401 3185 nun über Verwendung des Schulhaus-Inventares (Bänke, Stühle, u.s.w.) eine
155 3144 2433 3334 gewisse Verantwortung haben, möchte ich Sie gleichzeitig bitten, als Sänger-
