2479 3508
93 129 749 261 Männerchor Murg
79 202 754 347 (Alter Schweizer-Männerchor)
1348 184 2236 300 Murg, den 31. Dezember 1942.
563 409 776 490 An die
563 477 1049 574 Sängerkameraden
568 545 2268 642 Habig Hans, Ganter Max, Schlageter Hans, Sänger Albert,
568 627 2172 688 Döbele Ludwig, Suter Emil, Albiez Josef, Lüthy Otto,
572 679 2295 742 Hirtler Albert, Asal Eduard, Durst Emil, Hilbert Alfons,
570 724 2386 804 Balliger Otto, Bähr Fritz, Völkle Helmut, Baumgärtner Jos.,
568 783 2388 872 Döbele Ernst, Jung Fritz, Haiss Hans, Binkert Hermann sen.,
570 829 992 913 Döbele Alfred
570 890 2236 1003 und an alle z.Zt. in Urlaub weilenden Sänger-Soldaten.
577 1053 2179 1149 Eine grosse Anzahl von Sängern hat mich gebeten, das
583 1137 2209 1185 traditionelle Neujahrstreffen auch dieses Jahr durch-
581 1189 2004 1246 zuführen. Gerne will ich es tun. Wir kommen am
731 1237 1625 1339 1. Januar 1943, abends 73 Uhr
817 1298 1537 1394 im Mererhof-Nebenzimmer
570 1380 2204 1460 bei unserem ältesten Passiv-Mitglied Küpfer zusammen.
577 1480 2300 1548 Bitte erscheinen Sie vollzählig, damit wir neben einigen
588 1541 2177 1594 geschäftlichen Punkten auch ein paar Liedchen singen
579 1584 2324 1666 können. Ausserdem haben wir einen heute selten gewordenen
588 1634 1376 1718 Genuss in uns aufzunehmen.
1471 1734 2045 1839 Der Vereinsführer:
204 2075 783 2186 Kenntnis genommen:
