2479 3508
1228 271 2080 374 Rhina, den 3. August 1942.
473 569 920 668 Lieber Fritz!
470 680 2211 802 Deinen Brief vom 23.v.M. samt Anlage habe ich bekommen.
482 772 2190 863 Wenn ich erst jetzt antworte, so deshalb, weil ich bis
485 816 1099 908 heute in Urlaub war.
480 877 2280 990 Die Untersuchung fraglicher Angelegenheit ergab folgenden
480 948 856 1014 Sachverhalt:
482 969 2331 1089 Ursprünglich standen im Probelokal 7 Lehnstühle. Davon sind
487 1054 2334 1132 2 Stück schon lange zur Reparatur bei Schreiner Lauber. Vor-
482 1108 2308 1193 einiger Zeit ist nun auch noch der letzte Stulhl kaput ge-
482 1167 2240 1233 gangen. So kam es, dass schliesslich die für Dein Leiden
482 1214 2369 1294 erforderliche Sitzgelegenheit vollkommen fehlte. Irgend eine
482 1247 2280 1329 böswillige Absicht seitens des Sangesbruders Albiez liegt
482 1317 2364 1421 also keineswegs vor. Davon bist Du ja selbst auch überzeugt.
482 1367 2324 1524 Lauber ist erneut zum wiederholten Mal aufgefordert worden,
482 1459 2249 1550 die Stühle endlich instand zu setzen. Im übrige habe ich
485 1496 2214 1604 Vorsorge getroffen, dass Dir künftig auf alle Fälle ein
485 1543 1793 1654 Stuhl im Gesangslokal zur Verfügung steht.
475 1626 2233 1734 Es würde mich freuen, Dich am nächsten Donnerstag wieder
482 1677 2209 1795 unter uns Sängerkameraden zu sehen. Bis dahin herzliche
482 1729 809 1807 Grüsse und
1489 1764 1917 1894 Heil Hitler!
