2479 3508
131 176 787 303 Männerchor Murg
136 274 778 380 (Alter Schweizer-Männerchor)
1281 199 2106 310 Murg, den 14. Januar 1943.
507 552 1240 665 An die aktiven Sänger !
505 688 2321 828 Bekanntlich ist unser Ehrenvorsitzender Carl Burger
514 794 2201 903 gestorben. Wir müssen uns darüber schlüssig werden, in
514 876 2269 962 welcher Form wir an der Beerdigung teilnehmen. Zu diesem
516 946 1192 1034 Zweck treffen wir uns
597 1034 1792 1131 heute Abend punkt 8 Uhr im Probelokal.
516 1122 2310 1235 Mit Rücksicht auf die Verdienste, die sich der Verstorbene
518 1226 2262 1301 um die Sängersache erworben hat, erwarte ich, dass heute
514 1274 1552 1394 Abend wenigstens Jeder erscheint.
1391 1400 2007 1541 Der Vereinsführer:
