2479 3508
1168 261 2042 414 Murg, den 16. Dezember 1940.
561 593 761 701 Herrn
576 692 1292 827 Prokurist Mutter
576 818 1268 930 Schachen/ Amt Waldshut
585 1016 1433 1163 Lieber Sangesbruder Mutter:
585 1136 2237 1266 Wir haben uns gefreut darüber, wie uns das Rauchwaren-
600 1217 2265 1324 geschäft Schlageter in Murg die Mitteilung machte, dass
591 1273 2175 1358 Sie ihm für uns 200 Stumpen zukommen liessen, um die
591 1320 2177 1393 wir Sie durch Herrn Binkert gebeten hatten. Ich kann
591 1363 2209 1444 mir vorstellen, von wieviel Seiten Sie gegenwärtig um
598 1408 2260 1502 Rauchwaren angegangen werden. Umso höher wissen wir Ihr
604 1485 1480 1573 Entgegenkommen einzuschätzen.
604 1528 2183 1620 Lassen Sie mich im Namen des Chors, vorallem aber im
600 1590 2322 1667 Namen unserer Sängersoldaten, die ja die Pakete erhalten,
608 1648 2292 1735 für Ihr Wohlwollen herzlich Dank sagen, das Sie schon so
606 1697 2149 1785 oft unter Beweis stellten, wenn es galt, im Dienste
604 1723 2320 1825 unseres gemeinsamen Ideals ein Opfer zu bringen oder eine
608 1819 1373 1898 Gefälligkeit zu erweisen.
593 1843 1585 1982 Mit herzlichen Sängergrüssen und
1431 1958 1853 2078 Heil Hitler!
1322 2065 1913 2192 Der Vereinsführer:
1551 2237 1920 2363 (Zimmermann)
