2479 3508
141 148 784 275 Männerchor Murg
150 231 801 329 (Alter Schweizer-Männerchor)
1263 264 2115 362 Murg, den 22. Oktober 1943.
595 483 1025 578 Herrn u. Frau
597 582 1171 668 Jakob Küpfer
597 657 859 778 Murg.
601 832 1633 903 Mein lieber Herr und Frau Küpfer!
603 926 2209 992 Vorgestern konnte man in der Zeitung lesen, dass Sie
620 994 2151 1061 am vergangenen Sonntag die goldene Hochzeit feiern
612 1052 872 1113 durften.
618 1109 2180 1177 Sie gehören unserem Chor seit dem Jahre 1899 an und
620 1165 2192 1223 sind unser Ältestes Passiv-Mitglied. 44 Jahre unter-
620 1213 2240 1273 stützen Sie also bis jetzt unsere Sängersache. Gewiss
614 1265 2057 1321 eine schöne Zeit. Da ist es doch klar, dass der
618 1308 2178 1377 Männerchor am Vorabend des Jubeltages bestimmt auch
618 1356 2286 1412 bei den Gratulanten gewesen wäre, wenn er etwas von der
618 1414 2265 1475 Sache gewusst hätte. Zwar können wir gegenwärtig wegen
626 1468 2263 1520 zu schwacher Besetzung einzelner Stimmen nicht öffent-
620 1508 2261 1568 lich auftreten. Trotzdem wäre es jedoch unsere Pflicht
630 1560 2194 1629 gewesen, Ihnen in anderer Form schlicht und einfach,
620 1602 2255 1666 der heutigen schweren Zeit entsprechend, unsere Glück-
624 1668 1277 1722 wünsche darzubringen.
624 1701 2178 1795 Der fünfzigste Jahrestag, an dem Sie den Bund für's
620 1776 2255 1841 Leben miteinander geschlossen haben, ist zwar vorüber.
636 1828 2236 1893 Trotzdem möchte ich es mir nicht nehmen lassen, Ihnen
624 1878 2213 1939 im Namen aller Sänger in dieser Form nachträglich zu
630 1936 820 2001 sagen:
743 1970 2207 2061 Lieber Herr und Frau Küpfer! Wir freuen uns mit
747 2047 2149 2115 Ihnen über das grosse Glück, welches Sie beide
740 2090 2236 2161 nun 50 Jahre zusammen sein und mit grossem Erfolg
753 2149 2238 2209 zusammen wirken liess. Wir verbinden damit unsere
755 2196 2105 2255 aufrichtigen Wünsche dahingehend, dass Ihnen,
747 2244 2332 2309 Herr Jubilar und Ihrer Gemahlin von unserem Herrgott
740 2286 2153 2344 noch manch ein Jährlein in Ihrer gegenwärtigen
743 2346 2298 2404 Rüstigkeit geschenkt werden möge. Nur den wenigsten
738 2392 2184 2463 Eheleuten ist es vergönnt, so lange zusammen zu
753 2440 2201 2500 sein. Die Vorsehung meint es also gut mit Ihnen,
747 2496 1810 2571 hoffen wir noch recht, recht lange.
1429 2714 1995 2814 Der Vereinsführer:
