2479 3508
959 158 2009 266 Tätigkeitsbericht
1171 302 1756 404 des Vereinsführers
988 370 1966 487 über die Kalenderjahre 1938/39.
229 570 595 670 15.Mai 1938
595 566 1901 684 Frühjahrskonzert mit anschliessendem Tanz.
233 657 376 780 19. " "
603 664 2092 753 Ständchen beim Ehrenvorsitzenden Burger, der von
603 722 2124 834 einer Bein-Amputation aus der Klinik von Freiburg
603 788 1017 874 zurückkehrte.
227 849 354 946 21. " "
609 867 2153 951 Ständchen bei Sangesbruder Otto Bossert,anlässlich
607 930 2126 1034 seiner Vermählung. Anschliessend gemütlicher Hock
603 984 1132 1073 im Kaffee Eckard.
229 1069 393 1163 26. " "
603 1059 2182 1142 Ständchen bei Sangesbruder Josef Lauber, anlässlich
612 1129 2155 1227 seines 50. Geburtstages. Anschliessend Freibier im
603 1190 980 1273 Fischerhaus.
139 1221 472 1340 26. Juni
607 1267 2113 1340 Teilnahme am 75jährigen Stiftungsfest des Männer-
603 1335 1995 1412 Gesangvereins Eintracht, Karsau. (Postmeister
597 1381 1520 1454 Binkert macht Cocacola-Probe).
227 1435 464 1529 30./31.
331 1508 474 1579 Juli "
607 1468 2228 1564 Sängerfahrt an den Bodensee (Bregenz-Pfänder-Lindau),
612 1554 2201 1637 Unvergessliche Tage, mit echter Sängerkameradschaft,
603 1604 2080 1662 hauptsächlich auf dem Pfänder. Näheres schildert
607 1652 2117 1714 ein von Sangesbruder Jung verfasster Bericht, der
607 1710 1098 1780 vorgelesen wird.
601 1764 2086 1835 Eine Einladung des Schweiz.Hilfsvereins zur Mit-
607 1826 2140 1895 wirkung an einer Feierstunde der Auslandsschweizer
605 1874 2051 1939 in Murg am 31.Juli musste wegen der Sängerreise
607 1922 1098 2005 abgesagt werden.
233 1976 433 2082 2.Nov. "
603 1986 2147 2061 Passiv-Mitglied Joos Alfred Rhina stiftet, das von
607 2051 2147 2109 ihm gedichtete "Essener Hammerlied“. Vereinsführer
597 2103 2053 2167 Asal stellt den Vortrag des Liedes in einem der
603 2151 1860 2221 nächsten Konzerte dem Stifer in Aussicht.
229 2234 431 2323 5.Nov. "
601 2203 2028 2305 Herbstkonzert unter Mitwirkung des Männerchors
603 2290 2109 2363 Laufenburg und eines Damenchors, mit dessen Hilfe
607 2352 2024 2415 auch einige gemischte Chöre vorgetragen werden.
601 2392 2028 2459 konnten. Anschliessend an das Konzert Ehrungen
609 2448 2024 2500 verschiedener Mitglieder für langjährige Ange-
597 2484 2176 2569 hörigkeit zum Chor. Näheres wurde vom Schriftführer
601 2548 2107 2617 nicht aufgezeichnet. Abend war ein voller Erfolg.
220 2621 435 2723 4.Dez. "
597 2608 2057 2733 Wiederholung des Herbstkonzertes zu Gunsten des
601 2687 2169 2791 WHW. Schlechter Besuch. Daher konnten nur RMk. 15.-
595 2744 1462 2829 an das WHW abgeführt werden.
