2479 3508
1065 169 1203 262 -2-
323 313 678 418 1.Jan. 1939.
730 301 2038 393 Im Adler traditionelles Neujahrstreffen mit
724 377 2006 440 Freibier und Schweinsripple-Essen, das die
718 420 1998 484 Kasse ebenfalls finanzierte. Dank an Asal.
718 482 2008 545 Ein Grossteil der Sänger lief leider früh-
722 511 2131 597 zeitig, d.h. sofort nach Beendigung des Essens
730 575 1998 638 weg, um im Hirschen nach zusammenzukommen.
718 615 2040 704 Rücksichtslosigkeit gegen den Vereinsführer
724 674 1969 743 Asal, der sich auch entsprechend ärgerte.
724 722 1953 793 Frühzeitige Abbrüche von Zusammenkünften
730 761 2038 841 durch Lokalwechsel sollen mit Rücksicht auf
726 823 2157 922 die Kameradschaft, die darunter leidet, künftig
724 880 1308 960 unterlassen werden.
321 965 531 1063 2.Jan. "
726 950 2042 1029 Vereinsführer Asal stellt dem Verein seinen
718 1019 2090 1084 Posten als Vereinsführer ohne Grundangabe zur
724 1073 2060 1140 Verfügung. Alle Bemühungen, ihn wieder umzu-
726 1114 2123 1190 stimmen, blieben erfolglos. Der zweite Vereins-
724 1176 2088 1237 führer Zimmermann Alfons musste daher zwangs-
724 1223 2090 1283 weise bis zur nächsten Generalversammlung die
720 1283 1663 1348 Führung des Vereins übernehmen.
325 1362 523 1457 8.Jan. "
716 1362 2153 1429 Döbele Max, der eine wertvolle Stütze im ersten
720 1417 2185 1485 Tenor war und diesem jahrelang angehörte, meldet
726 1471 2082 1536 sich vom Verein ab. Als Grund wird angegehen:
718 1523 1481 1606 auswärtige Beschäftigung.
293 1604 519 1699 11.Feb. "
718 1596 1965 1679 Maskenball mit flotter Musik (Rheingold).
724 1673 1965 1729 Motto: " Im weissen Rössel". Guter Besuch.
724 1699 2153 1784 Finanziell ein voller Erfolg. Nachdem RMk. 15.-
726 1766 2056 1834 an das WHW abgeführt waren, blieb immer noch
724 1814 2044 1877 ein Reingewinn von ca. RMk. 120.--. Ein der-
724 1862 2181 1925 artig hoher Ueberschuss konnte schon seit vielen
724 1917 1715 1994 Jahren nicht mehr erzielt werden.
317 1992 609 2103 9.April "
734 2000 2115 2068 Frühlingskonzert am Ostersonntag im Murgtal mit
720 2062 2125 2121 einem 2stündigen Theaterstück "Um den Kreuzhof!
720 2109 1988 2171 Speiler und Spielerinen gaben ihr bestens.
718 2143 2088 2222 Wiederum ein Abend mit vollem Erfolg. Bei bis
718 2210 2058 2278 auf den letzten Platz besetztem Haus blieben.
720 2260 1808 2318 erneut gegen RMk. 120.— Reingewinn.
726 2290 2201 2385 Im Laufe des Abends ehrte der stellvertr. Vereins-
726 2357 2092 2421 führer Zimmermann seinen Vorgänger Asal durch
720 2411 2199 2468 Ueberreichung einer schön angelegten Gedenkmappe,
718 2460 2234 2516 die die Bilder von sämtlichen aktiven Sängern ent-
714 2510 2113 2565 hielt, für die dem Verein während 5 Jahren ge-
710 2549 1265 2635 leisteten Dienste.
307 2629 494 2736 1.Mai "
708 2657 2212 2758 Übliches Maisingen mogends 5 Uhr an verschiedenen
710 2742 2179 2801 Stellen des Ortes. Anschliessend Rauchwurstessen
706 2787 2153 2867 im Hirschen, gestiftet wie üblich an diesem Tag
710 2843 1469 2916 von Metzgermeister Maier.
276 2910 494 3002 14.Mai "
708 2918 2294 2990 Paul Malzacher, ein früherer führender erster Tenor-
708 2980 2173 3043 Sänger unseres Vereins und eifriger Anhänger des
706 3029 2296 3091 deutschen Liedes, singt am schweiz.Radio. Der Verein
718 3085 2266 3146 gab in einem Schriftsatz seiner Freude an Malzacher
706 3124 2228 3194 Ausdruck, der von ihm verdankt wird mit dem Hinzu-
712 3188 2266 3247 fügen, hoffentlich bald wieder in seiner Heimat dem
700 3233 1957 3307 Männerchor für immer angehören zu können.
