2479 3508
469 357 832 446 21.Mai 1939
832 338 2104 442 Mitwirkung an einer im Murgtal anlässlich
866 416 2006 506 des Muttertages stattgefundenen Feier.
471 502 646 589 28." "
866 491 2135 573 Besuch des 50jährigen Stiftungsfestes des
869 565 1990 626 Männerchors Niederhof mit Vortrag von
869 603 2043 681 2 Liedern beim Festkonzert. Gegen Abend
866 640 2247 738 Abmarsch zum Salmen nach Rhina (Passiv-Mitgl.)
479 720 652 854 30." "
866 738 2224 815 Mitwirkung bei der Ehrung der Eheleute Cremer
866 805 2155 864 Hermann anlässlich deren goldener Hochzeit.
866 850 2255 922 Der Jubilar stiftet der Reisekasse des Vereins
866 911 1176 993 RMK. 10.--
469 975 705 1066 10.Juni "
873 970 2049 1062 Dem stellvertr.Vereinsführer wird durch
875 1040 2230 1117 Sangesbruder Jung eine schriftliche Erklärung
879 1107 2228 1170 von Herrn Bürgermeister Grass vorgelegt, nach
879 1148 2228 1205 welcher sich derselbe verpflichtetedem Verein
866 1201 2234 1264 2 Fass von je 100 Ltr. Bier zu zahlen, sobald
873 1256 2167 1319 ein für Murg in Aussicht genommenes, grosses
873 1297 2212 1384 Industriewerk zum Bau genehmigt ist. Erlklärung
881 1350 1413 1415 liegt bei den Akten
471 1380 707 1474 12.Juni "
873 1374 2318 1464 Kassier Baumgärtner, der seit der Machtübernahme
873 1448 2230 1503 zur besten Zufriedenheit der Sängerschaft die
875 1494 2228 1564 Finanzen des Vereins verwaltete, bittet wegen
875 1543 2198 1600 starker beruflicher Inanspruchnahme, ihn von
875 1596 2202 1662 seinem Posten zu entbinden. Dem Wunsche wird
875 1643 2167 1702 entsprochen und Brutsche Alfred zum Kassier
875 1698 1152 1780 bestimmt.
471 1753 707 1849 25.Juni "
875 1759 2222 1851 Sänger-Ausflug mit 2 Höhenwagen (60 Personen)
866 1839 2281 1898 über Albbruck-Waldshut-Höchenschwand- Lenzkirch-
866 1888 2077 1949 Neustadt-Titisee-St. Märgen-Kirchzwarten-
866 1927 2171 2020 Schauinsland-Todtnau. Näheres siehe Presse-
873 1996 1931 2059 berichte, die bei den Akten liegen.
869 2055 2177 2122 Einer Einladung des Männerchors Schwörstadt
873 2112 2224 2179 zum 7 jährigen Stiftungsfest musste wegen der
879 2163 2173 2230 am gleichen Tage stattfindenden Sängerreise
866 2208 1364 2294 abgesagt werden.
499 2285 712 2393 3.Juli "
875 2290 2088 2371 Ständchen bei Sangesbruder Fritz Bär an-
869 2353 1778 2444 lässlich seinem 50.Geburtstag.
461 2479 601 2571 23. " "
866 2471 2122 2553 Wertungssingen in St.Blasien. Fahrtkosten
869 2538 1998 2597 mit RM.50.-- (ungefähr) übernahm der
875 2573 2153 2648 Verein. Ueber die Einstufung unseres Chors
866 2642 2277 2712 gibt eine bei den Akten befindliches Gutachten
866 2685 1817 2773 der Wertungsrichter Aufschluss.
467 2773 603 2873 30. " "
875 2763 2177 2873 Ständchen bei Sangesbrüder Hugo Baumgartner
866 2844 2128 2924 aus Anlass seiner Vermählung. Freibier im
869 2893 1156 2977 Hirschen.
461 2977 697 3074 26.Aug. "
873 2970 2202 3068 Gausängertag in Freiburg wird nicht besucht.
455 3062 591 3164 27. " "
869 3050 2192 3129 Eine Einladung des Männerchors Binzgen muss
869 3123 2192 3185 zu einem Waldfest wird abgesagt, weil wegen
860 3154 2245 3231 Abwesenheit des Dirigeten Wolf vom Mitte Juli
862 3225 2186 3311 bis 7.September 1939 keine Singstunden mehr
869 3284 1244 3358 stattfinden.
