2479 3508
1146 228 1361 265 -4-
413 383 837 466 27.Sept.1939
837 378 2111 470 Mitwirkung an einer öffentlichen, von der
848 452 2111 524 NSDAP ins Mayerhof Murgtal einge-
852 516 1468 594 rufenen Versammlung.
468 564 662 658 9.Nov.
857 588 2202 675 Eine in's Cafe Eckard eingerufene Vorstands-
852 656 2143 712 sitzung konnte nicht stattfinden, weil nur
850 699 2143 778 die Sangesbrüder Suter Emil und Habig Hans
859 763 1372 841 erschienen waren.
857 817 2084 894 In der darauffolgenden Sängerversammlung
852 887 2074 944 im Schulhaus wird folgendes beschlossen:
852 937 1385 1003 bezw. besprochen:
857 992 2111 1079 Sangesbruder Zimmermann stellt dem Verein
863 1053 2084 1114 wegen Umzug nach Rhina seinen Posten als
865 1101 2078 1165 stellv.Vereinsführer zur Verfügung. Nach
852 1156 2111 1213 erfolgter Debatte erklärt sich Zimmermann
863 1202 1980 1289 bereit vorläufig das Amt zu behalten.
857 1274 2100 1337 Zimmermann hat vorgeschlagen anfangs Dez.
859 1322 2292 1394 ein Konzert zu veranstalten, das so organisiert
863 1381 2194 1440 werden soll, dass die gesamten Einnahmen der
857 1433 2170 1505 Vereinskasse zufallen, die dann dafür jedem
865 1473 2113 1538 Murger Soldat zu Weihnachten ein Päckchen
859 1536 2109 1599 zugehen lässt. Nach reiflicher Überlegung
859 1580 2012 1641 wird beschlossen von der Veranstaltung
852 1630 2041 1687 Abstand zu nehmen, weil einmal der Chor
852 1674 2111 1735 durch die beim Heere dienenden 10 aktiven
863 1720 2119 1798 Sänger sehr geschwächt ist und zum andern,
865 1774 2080 1835 weil das Risiko, alle Murger Soldaten zu
863 1822 2078 1888 beschenken, für den Verein viel zu gross
857 1866 1020 1947 wäre.
854 1925 2231 2041 Darfür wird dem Vereinsführer die Genehmigung
863 1997 2133 2054 gegeben aus der Vereinskasse jedem Sänger-
852 2050 2198 2106 Soldaten von Murg zu Weihnachten durch Ueber-
863 2093 2174 2161 sendung eines Päckchens zu Weihnachten eine
859 2135 1960 2205 Freude zu machen. Es handelt sich um
852 2185 2023 2255 10 Kameraden, von denen dann jeder ein
863 2237 2054 2323 Packet im Werte von etwas über RMk. 4.-
857 2286 1053 2353 bekam.
854 2353 2045 2436 Bekanntlich hat Sängerkamerad Habig die
859 2412 2266 2487 Chorleitung an Stelle des beim Heere dienenden
859 2456 2237 2541 Chorleiter Wolf übernommen. Der Vereinsführer
857 2513 2137 2583 bietet ihm dafür eine Entlohnung an. Habig
863 2556 2292 2650 verzichtet und erklärt die Proben unentgeltlich
852 2600 2264 2692 abzuhalten. Mit Dank und Anerkennung nimmt die
863 2655 1680 2736 Versammlung davon Eenntnis:
857 2718 2266 2808 Sangesbruder Jung feierte am 11.Oktober seinen
852 2777 2299 2865 60sten Geburtstag. Er bat den Vereinsführer von
850 2834 2207 2915 einer Ehrung seiner Person aus diesem Anlass
857 2882 2141 2952 wegen des Krieges Abstand zu nehmen. Dafür
857 2930 2257 3002 möchte Jung dann, wenn die Verhältnisse wieder
852 2978 2257 3066 besser geworden sind, seinen 6l.Geburtstag mit
852 3028 1680 3096 den Sängerkameraden feiern.
472 3094 845 3181 25.Nov.1939
845 3094 2224 3178 Mitwirkung an einer Grosskundgebung der NSDAP
841 3155 1191 3232 im Murgtal.
