2479 3508
1340 306 2252 444 Rhina, den 5. November 1941.
664 662 1077 779 Mein Lieber !
662 779 2469 910 Soeben erreicht mich Dein gestriges Schreiben. Herzlichen
660 856 2430 966 Dank für die rasche Beantwortung. Ich habe sofort gemäss
671 915 2361 1007 beiliegender Copie an Herrn Matt geschrieben und warte
671 973 1944 1074 nun mit Spannung der Dinge die da kommen.
660 1043 2329 1153 Du schreibst mir,im Krieg dürften auf keinen Fall An-
662 1110 2367 1185 sprüche gestellt werden. Ich weiss nicht recht,wie ich
664 1153 2345 1243 des verstehen soll. Etwa so, dass Du mir sagen willst,
662 1201 2356 1297 man müsste auch mit Kartoffel-Schnaps zufrieden sein ?
662 1232 2255 1342 Wenn ja, dann möchte ich darauf folgendes erwidern:
655 1297 2406 1385 Schnapser bin ich zwar nicht, dafür aber Brötchen-Esser.
662 1342 2354 1437 Ich liess mir aber schon oft erzählen, dass Kartoffel-
664 1399 2198 1496 schnaps gar nicht gut sei. Deshalb möchte ich den
653 1451 2257 1545 Soldaten keinen Kartoffelschnaps schicken, denn sie
655 1480 2372 1611 hätten dann etwas und auf der andern Seite doch nichts.
649 1543 2212 1635 Also mein Lieber, Du kennst nun meinen Standpunkt-
660 1588 2189 1721 überlege es Dir. Du wirst mir recht geben müssen-
655 1660 2408 1818 Wann bist Du denn wieder zu Hause ? Inzwischen herzliche
646 1732 851 1802 Grüsse
1460 1865 1624 1971 Dein
