2479 3508
582 685 783 804 An die
582 764 1199 862 Autolinie Laufenburg.
584 840 1135 926 z.Hd.v. Herrn Zurny
579 876 1316 1000 Laufenburg/Bd.
596 1395 1900 1501 Ich nehme Bezug auf das heute früh mit Ihen
591 1491 1869 1556 gohabte Forngosprüch. Im Verfolg desselben
603 1542 1900 1602 vereinbarten wir, dass Sie uns am kommenden
596 1590 1917 1649 Sonntag den 23.d.M. mit Ihrer grossen Höhen-
594 1640 1898 1697 wagen zum Treise von insgesamt RMI 50.- nach
594 1688 1972 1754 S.Blasien und wieder zurück bringen. Sie wer-
591 1735 1948 1822 den mittags 1 Uhr bein Hirschen in Murg sein,
599 1786 1432 1874 wo wir auf den Wagen warten.
1173 2058 1747 2169 Dor Vereinsführer:
1178 2154 1328 2253 T.A.
1443 177 2171 295 Murg, den 21. Juli 1939.
