2479 3508
1164 264 1884 397 Murg, den 11. Mai 1943.
539 613 722 716 Herrn
541 693 1033 815 Emil Suter
549 788 1523 877 Ehrenführer des Männerchor Murg,
539 864 801 963 Murg
547 1029 1339 1145 Mein lieber Ehrenführer!
556 1139 2155 1257 Ich weiss es, Sie haben von jeher ein gutes Herz für
564 1236 2015 1316 unseren Chor gehabt. Diese Tatsache stellten sie
570 1272 2243 1358 gestern Abend erneut unter Beweis. Recht vielen, vielen
566 1344 1671 1413 Dank für Ihre hochherzige Spende von
1075 1403 1445 1506 RMk. 50.--
564 1479 2176 1580 Sobald ich wieder mit ihnen zusammenkomme, müssen Sie
564 1559 2201 1635 mich wissen lassen, ob Sie in Bezug auf die Verwendung
570 1618 1582 1715 des Geldes gewisse Wünsche haben.
564 1675 2093 1774 Dieses Jahr sind es 50 Jahre her, dass eine kleine
570 1766 2123 1832 Schar Anhänger des Liedes - es waren damals Männer
572 1785 2260 1874 aus Ihrem lieben Heimatland - unseren Verein gründeten.
572 1861 2064 1924 Nahezu seit der Gründung dienen Sie nun der edlen
572 1895 2203 1973 Sängersache, davon jahrzehnte als umsichtiger Vereins-
577 1948 2277 2022 führer. Wie schön wäre es, wenn wir nun den Jübiläumstag
581 2003 2271 2081 feierlich zusammen begehen könnten. Sie dürfen überzeugt
577 2060 2119 2123 sein, er würde ein Markstein in Ihrem Leben werden.
572 2098 2151 2167 Leider ist die Zeit aber nicht zum Feiern von Festen
577 2167 2146 2248 angetan. Wir müssen warten bis der Krieg vorüber ist.
572 2212 2119 2288 Solange aber und dann erst recht, wünscht Ihnen die
577 2258 2186 2353 Sängerschaft gesunde Tage. Mögen Sie noch viele Jahre
572 2317 2239 2436 mit Ihrer lb.Frau in körperlicher und geistiger Frische
583 2383 1405 2474 durchs Leben gehen können.
1350 2501 1941 2605 Der Vereinsführer:
1603 2579 1943 2696 Zimmermann
