2479 3508
163 163 715 277 FRITZ JUNG
192 261 683 347 MALERMEISTER
267 320 613 397 MURG A. RH.
115 389 768 475 Bankkonto: Bezirkssparkasse Murg
320 448 560 512 Fernruf 236.
2186 197 2317 285 19
1098 195 1677 304 Murg a. Rhein (Baden), den
304 504 2397 605 nicht gesonnen ist, in einem von Zigarettenrauch geschwängerten Lokal
304 595 2368 659 alleine seine Stimme als I. Tenor ohne gesundheitliche Schädigung zu
309 640 2333 707 vertreten, selbst wenn der betreffende Sänger bereits über 60 Jahre
301 691 2328 757 alt ist. Dass in einem solchen Falle, weder der Vereinsführer, noch
309 749 2314 829 der Dirigent, auch nur ein Wort der Entschuldigung für einen alten
309 771 2394 888 Sänger hat, ist das, was mir ganz besonders nahe geht und was ich mir
309 848 1573 928 für die nächste Zukunft auch merken werde.
304 880 2330 952 Ich meine, hier hort die Sängerkameradschaft auf, wenn insbesondere
307 939 2312 995 der Dirigent sich wie ich erfahren musste) im Lokal abfällig über
301 971 2357 1051 mein Verhalten äusserte. So lange ich mich noch dazu verstehen kann,
304 1037 2362 1096 dem Männerchor Murg anzugehören, werde ich von nun an nur noch meine
307 1072 2424 1162 Pflicht tun und zwar in gleichem Masse in dem andere Sänger diese auch
309 1152 440 1210 tun.
315 1152 2405 1253 Ich bin mit grossem Interesse Ihren Ausführungen gefolgt, als Sie aus
315 1226 2397 1301 der Sängerzeitung den Aufruf unseres Bundesführers verlasen. Ich habe
309 1288 2405 1357 mir aber auch allerhand dabei gedacht, insbesondere was die Pflichten
304 1330 2376 1405 eines deutschen Sängers in heutiger harter Zeit anbelangten. Ich bin
307 1376 2336 1445 aber auch davon überzeugt, dass gerade diese " sogenannten Sänger"
307 1426 2312 1501 die dieses anginge, diese echten deutsche Worte nur zu bald wieder
317 1477 2421 1552 vergessen haben. Ganz besonders sprachen die Worte mir aus dem Herzen,
309 1525 2306 1605 die etwa sagten: Der Sänger, der heute nicht mit aller Kraft seine
307 1552 2373 1642 ganze Pflicht tut und zwar in jeder Beziehung, hat in unseren Reihen
309 1629 2418 1704 keinen Platz. Mit keinem Wort sagte jedoch der Bundesführer, dass ein
320 1677 2346 1744 Sänger fortwährend seine Pflicht tun soll, damit die ander bummel
309 1720 2402 1802 können, welcher Auffassung auch in unserem Verein noch mehre Sänger
315 1770 2370 1842 sein dürften. Ich weiss es, dass ich in der gegenwärtigen Kriegszeit
307 1826 2373 1898 bei der schwachen Besetzung, insbesondere im T. Tenor, meine Pflicht
307 1877 2373 1946 erst recht tun muss. Aber andere Sänger sollten dies auch wissen und
307 1925 2325 1997 falls sie es immer noch nicht wissen sollten, dann gehört es ihnen
307 1968 2400 2064 eben gesagt und zwar auf dieselbe Art und Weise, wie man es
317 2032 1341 2088 und immer wieder von mir verlangt.
320 2061 2352 2154 Über einen weiteren Punkt, der sich in der Generalversammlung ergab
339 2125 2408 2189 und in dessen Zusammenhang auch mein Name genannt wurde, weil ich in
307 2173 2400 2258 der Sache beteiligt war, möchte ich hier meiner Meinung heirüber Aus-
307 2226 2424 2298 druck verleihen. Es kam die von Herrn Bürgermeister damals versproche-
309 2277 2378 2354 ne Bierspende zur Aussprache. Während dieser Aussprache, bei
309 2317 2349 2394 damalige schriftliche Verpflichtung des Herrn Bürgermeisters betont
309 2370 2376 2442 wurde, wurde aus der Mitte der Versammlung die Frage aufgeworfen, ob
301 2416 2378 2490 nicht schon jetzt,(also vor der Entstehung der Fabrik) ein Vorschuss
307 2466 2376 2546 auf die versprochenen 200 Ltr. Bier zu erhalten wäre. Obwohl die Er-
315 2528 2384 2594 wähnung der versprochenen Spende überhaupt, als auch die Frage wegen
320 2570 2421 2645 einem evtl. Vorschuss darauf, sicher von der humorvollen Seite aufzu-
307 2618 2442 2690 nehmen war, wurde doch der Herr Bürgermeister durch die schon sehr oft
317 2666 2442 2741 und immer wieder angeschnittene Sache so quasi veranlasst, sich zu ei-
27 2690 285 2816 Nein!
315 2714 2410 2797 ner vorschüsslichen Bierspende zu entschliessen. Diese Entschlissung
317 2773 2410 2837 wurde von der Versammlung mit Bravo beantwortet und schon bereits der
277 2818 2421 2898 Tag bestimmt, an welchem diese vorschüssliche Spende eingenommen wer-
304 2864 2362 2930 den soll. Ich habe diese Zusage dieser vorschüsslichen Spende nicht
309 2914 2426 2989 mit Bravo beantwortet, zumal Herr Bürgermeister ausdrücklich erklärte,
317 2968 2320 3037 dass die Gemeinde, die ja eigentlich die Spenderin dieser 2oo Ltr.
317 3018 2416 3096 Bier sein sollte, aus finanziellen Gründen nicht in der Lage sei, mo-
312 3066 2325 3149 mmentan dieses gegebene Versprechen zu halten, sondern, dass diese
317 3117 2402 3186 nun versprochene vorschüssliche Spende aus der Privatkasse des Herrn
320 3165 2410 3239 Bürgermeisters gingen. Auch entsinne ich mich, dass schon früher ein.
317 3237 2357 3325 mal die Rede davon war, dass Herr Bürgermeister nicht beabsichtige,
