2479 3508
127 55 173 85 4
136 34 2403 158 und zwar aus gewissen Gründen, sein damaliges Versprechen durch Bierspen-
139 127 2383 198 de einzuhalten, sondern dem Verein auf andere Art stillschweigend den Ge-
147 170 2380 258 genwert dieser Spende zukommen zu lassen. Ich kann mich nicht von dem Ge
147 215 2380 303 danke trennen, dass die Anbohrung des Herrn Bürgermeisters an jenem Abend
136 269 2355 359 mit Rücksicht auf oben erwähnte Tatsachen und gerade in heutiger ernster
144 300 2411 402 Zeit, nicht als glückliche Lösung dieser Angelegenheit angesprochen werden
142 368 2408 458 kann. Eine persönliche Spende des Herrn Bürgermeisters war bei dem damali-
156 424 2425 512 gen Versprechen nicht beabsichtigt und sollte auch jetzt weder beansprucht,
144 475 2355 563 noch angenommen werden. Selbstverständlich bin ich davon überzeugt, dass
144 521 2295 606 Herr Bürgermeister diese Bierspende, wie schon so manche, gerne über-
144 558 2326 659 nimmt, obwohl es sich damit nur um eine private Spende handeln kann und
156 620 2406 705 damit der vorgesehenen Absicht, dem Verein eine sonstige stille Spende zu-
150 671 2352 761 kommen zu lassen, entgegensteht. Ich möchte mit dieser meiner persänli-
158 727 2380 804 chen Ansicht in der Sache nur sagen, dass es trotz tratitionellem Brauch,
156 773 2411 863 Bierspenden sicher zu stellen wo sich jrgend eine Möglichkeit dazu bietet,
181 821 2403 903 doch immer noch und heute erst recht, ins Auge gefasst werden sollte, un-
167 889 2391 976 ter welchen Voraussetzungen eine solche Spende erfolgte, um überhaupt vom
167 914 2366 1010 Verein angenommen zu werden, d. h. angenommen werden kann, ohne dass ihm
158 985 2230 1075 ein gewisses betteln oder gar nötigen dazu nachgesagt werden könnte.
158 999 2323 1109 Auch in dieser Sache glaubte ich, Ihnen meine persönliche Stellungnahme.
158 1058 2366 1169 mitteilen zu dürfen, da ich der Urheber dieser Spende bin. Auch muss ich
167 1115 2389 1223 mir vorerst noch vorbehalten, ob ich mich an diesem vorschüsslichen Frei-
170 1169 2304 1268 trunk beteiligen werde oder nicht, selbst auf die Gefahr hin, abermals
161 1217 2332 1316 der der Indisziplin verdächtigt zu werden und mich abermals schriftlich
158 1271 2417 1356 rechtfertigen zu müssen, wenn ich mich an einem Bierabend nicht beteilige.
164 1322 2414 1412 Ich nehme zwar an, dass an diesem geplanten abend selbst diejenigen Sänger
164 1370 2272 1452 erscheinen werden, die bei sonstigen Anlässen gerne durch Abwesenheit
173 1409 2355 1511 glänzen und dadurch meine Anwesenheit nicht so dringend nötig sein wird.
170 1477 2326 1554 Zum Schlusse möchte ich Sie noch bitten, den Dirigenten zu veranlassen,
167 1520 2366 1610 Er möge im 1. Tenor eine Umstellung in sofern vornehmen, dass Er den Te-
164 1576 2406 1658 nor Denz beim singen neben mich stellt, da ich mit meinem Sängerkameraden
198 1627 2335 1709 Suter Julius wegen seiner schwachen Stimme keinerlei Fühlung habe. Das
170 1681 2349 1755 singen fällt mir sowohl, als sicher auch Denz schwer, wenn jeder allein
170 1735 2117 1803 für sich singen muss, ohne Fühlung mit seinem Nachbarn zu haben.
173 1772 2349 1854 Ich glaubte, Ihnen dies alles mitteilen zu müssen, um Ihnen dadurch den
178 1817 2374 1899 von Ihnen verlangten klaren Wein auch wirklich einzuschenken. Anderseits
178 1873 2391 1958 bin ich aber auch nicht abgeneigt, mich bei evtl. Meinungsverschiedenhei-
181 1919 2428 2009 ten persönlich mit Ihnen hierüber auszusprechen. Ihre leise Andeutung mei.
170 1970 2360 2066 ner Person in der Generalversammlung bezügl. Ich möchte Ihnem
175 2032 2343 2108 Amt als Vereinsführer keine Schwierigkeiten machen, hätten ruhig unter-
175 2074 2346 2151 bleiben dürfen. Wenn Sie dabei meinen Namen auch nicht nannten, sondern
178 2122 2343 2213 nur von "einem Sänger" sprachen, so wussten doch mehrere Sänger, wer mit
178 2165 2318 2270 diesem einen Sänger gemeint war. Ich werde Ihnen keine Schwierigkeiten
181 2216 1941 2306 machen, falls Sie selbst solche bei mir nicht hervorrufen.
175 2253 2374 2363 Als letztes möchte ich Sie bitten, diese meine langen Ausführungen nicht
184 2315 2406 2403 etwa so zu bewerten oder hinzustellen, als ob dies alles hätte unterblei-
184 2372 2352 2454 ben können und ich aus einer verhältnismässig kleinen Sache ein grosses
184 2417 2332 2502 Wesen gemacht hätte. Es war mir mit diesem Schreiben vielmehr darum zu
190 2459 2380 2550 tun, gelegentlich des kleinen Zwischenfalles am Neujahrsabend, Ihnen das
181 2519 2323 2601 alles zum Antritt Ihrer Vereinsführerschaft mitzuteilen, was mir schon
190 2575 2431 2674 lange ein inneres herzliches Bedürfnäs war. Nicht etwa um Stunk zu machen,
181 2638 1347 2734 sondern um einen solchen zu vermeiden.
1415 2697 1893 2810 Heil - Hitler!
1757 2807 2207 2980 F. Jung
