<?xml version="1.0" encoding="UTF-8" standalone="yes"?>
<PcGts xmlns="http://schema.primaresearch.org/PAGE/gts/pagecontent/2013-07-15" xmlns:xsi="http://www.w3.org/2001/XMLSchema-instance" xsi:schemaLocation="http://schema.primaresearch.org/PAGE/gts/pagecontent/2013-07-15 http://schema.primaresearch.org/PAGE/gts/pagecontent/2013-07-15/pagecontent.xsd">
    <Metadata>
        <Creator>prov=READ-COOP:name=PyLaia@TranskribusPlatform:version=2.23.0:model_id=287793:lm=none:date=20_02_2025_17:38</Creator>
        <Created>2025-01-23T13:07:27.305+01:00</Created>
        <LastChange>2025-02-25T14:13:11.320+01:00</LastChange>
        <TranskribusMetadata docId="6490022" pageId="89841625" pageNr="1" tsid="231395070" status="FINAL" userId="134428" imgUrl="https://files.transkribus.eu/Get?id=NKMGRZCYICVLZPUTDNAYFSCM&amp;fileType=view" xmlUrl="https://files.transkribus.eu/Get?id=LUWPRTULWONZCXQFFUIHUIFJ" imageId="74856050"/>
    </Metadata>
    <Page imageFilename="p001.jpg" imageWidth="2479" imageHeight="3508">
        <ReadingOrder>
            <OrderedGroup id="ro_1741262891889" caption="Regions reading order">
                <RegionRefIndexed index="0" regionRef="r"/>
                <RegionRefIndexed index="1" regionRef="r_2"/>
                <RegionRefIndexed index="2" regionRef="r_4"/>
                <RegionRefIndexed index="3" regionRef="r_3"/>
            </OrderedGroup>
        </ReadingOrder>
        <TextRegion id="r" custom="readingOrder {index:0;}">
            <Coords points="88,124 812,124 812,543 88,543"/>
            <TextLine id="r_tl_1" custom="readingOrder {index:0;} person {offset:0; length:10;}">
                <Coords points="165,265 729,265 729,173 688,159 626,181 529,162 481,194 405,165 165,173"/>
                <Baseline points="179,241 223,238 268,241 313,244 358,247 403,247 447,247 492,247 537,247 582,244 626,244 671,244 716,247 734,250"/>
                <TextEquiv>
                    <Unicode>FRITZ JUNG</Unicode>
                </TextEquiv>
            </TextLine>
            <TextLine id="r_tl_2" custom="readingOrder {index:1;}">
                <Coords points="200,340 605,324 643,346 697,346 697,270 667,259 281,273 230,256 200,273"/>
                <Baseline points="214,310 259,313 304,313 349,316 394,316 438,316 483,316 528,313 573,313 618,313 662,313 701,316"/>
                <TextEquiv>
                    <Unicode>MALERMEISTER</Unicode>
                </TextEquiv>
            </TextLine>
            <TextLine id="r_tl_3" custom="readingOrder {index:2;} place {offset:0; length:11; continued:true;}">
                <Coords points="275,392 359,402 375,389 435,405 462,392 510,400 526,386 548,400 624,394 624,329 605,324 591,335 540,327 510,338 275,329"/>
                <Baseline points="289,376 334,376 379,376 423,379 468,379 513,376 558,376 603,376 629,379"/>
                <TextEquiv>
                    <Unicode>MURG A. RH.</Unicode>
                </TextEquiv>
            </TextLine>
            <TextLine id="r_tl_4" custom="readingOrder {index:3;} organization {offset:11; length:21;}">
                <Coords points="116,462 356,440 778,470 775,375 616,408 289,405 192,362 113,392"/>
                <Baseline points="131,429 176,432 220,435 265,435 310,435 355,435 400,435 444,435 489,435 534,438 579,435 623,438 668,438 713,438 758,438 785,441"/>
                <TextEquiv>
                    <Unicode>Bankkonto: Bezirkssparkasse Murg</Unicode>
                </TextEquiv>
            </TextLine>
            <TextLine id="r_tl_5" custom="readingOrder {index:4;}">
                <Coords points="324,489 346,491 362,508 400,489 456,505 494,491 535,510 570,497 570,446 324,448"/>
                <Baseline points="340,477 385,477 429,480 474,480 519,477 564,477 576,480"/>
                <TextEquiv>
                    <Unicode>Fernruf 236</Unicode>
                </TextEquiv>
            </TextLine>
            <TextEquiv>
                <Unicode></Unicode>
            </TextEquiv>
        </TextRegion>
        <TextRegion id="r_2" custom="readingOrder {index:1;}">
            <Coords points="876,128 2446,128 2446,545 876,545"/>
            <TextLine id="l" custom="readingOrder {index:0;} date {offset:27; length:14; continued:true;}">
                <Coords points="1112,197 1418,189 2327,178 2362,178 2381,184 2381,267 2341,278 2287,289 2039,302 1215,300 1112,270"/>
                <Baseline points="1128,262 1149,262 1194,265 1238,262 1283,265 1328,262 1373,262 1418,262 1462,262 1507,262 1552,262 1597,262 1642,262 1686,262 1731,262 1776,262 1821,259 1865,259 1910,259 1955,259 2000,259 2045,259 2089,259 2194,256 2209,256 2254,253 2298,253 2343,253 2388,253"/>
                <TextEquiv>
                    <Unicode>Murg a. Rhein (Baden), den 9. Januar 1940</Unicode>
                </TextEquiv>
            </TextLine>
            <TextLine id="r_2_tl_3" custom="readingOrder {index:1;} person {offset:0; length:19; continued:true;}">
                <Coords points="886,375 1482,375 1482,319 1415,308 1372,327 1320,292 1191,313 1107,289 980,319 886,294"/>
                <Baseline points="901,364 946,367 991,367 1035,370 1080,370 1125,370 1170,367 1215,367 1259,367 1304,364 1349,364 1394,364 1439,364 1483,364 1489,364"/>
                <TextEquiv>
                    <Unicode>Herrn A. Zimmermann</Unicode>
                </TextEquiv>
            </TextLine>
            <TextLine id="r_2_tl_4" custom="readingOrder {index:2;} person {offset:0; length:13; continued:true;} organization {offset:18; length:15; continued:true;}">
                <Coords points="886,451 1901,427 1901,343 1852,335 1431,389 886,383"/>
                <Baseline points="901,417 922,417 967,417 1012,417 1056,420 1101,417 1146,417 1191,417 1236,417 1280,417 1325,414 1370,417 1415,414 1459,414 1504,414 1549,414 1594,414 1639,412 1683,412 1728,412 1773,412 1818,409 1862,409 1907,412"/>
                <TextEquiv>
                    <Unicode>Vereinsführer des Männerchor Murg</Unicode>
                </TextEquiv>
            </TextLine>
            <TextLine id="r_2_tl_5" custom="readingOrder {index:3;} place {offset:0; length:10;}">
                <Coords points="1790,478 2120,478 2120,397 2092,383 2025,416 1979,383 1928,394 1895,427 1790,424"/>
                <Baseline points="1806,462 1851,459 1895,459 1940,459 1985,456 2030,456 2074,459 2119,465 2125,465"/>
                <TextEquiv>
                    <Unicode>Laufenburg.</Unicode>
                </TextEquiv>
            </TextLine>
            <TextLine id="r_2_tl_6" custom="readingOrder {index:4;}">
                <Coords points="1804,526 1831,537 1855,518 1871,532 1901,540 1933,521 1966,537 1998,540 2001,483 1966,475 1952,481 1868,473 1806,481"/>
                <Baseline points="1818,504 1827,501 1871,501 1916,501 1961,501 2006,498"/>
                <TextEquiv>
                    <Unicode></Unicode>
                </TextEquiv>
            </TextLine>
            <TextEquiv>
                <Unicode></Unicode>
            </TextEquiv>
        </TextRegion>
        <TextRegion id="r_4" custom="readingOrder {index:2;}">
            <Coords points="24,554 2464,554 2464,3295 24,3295"/>
            <TextLine id="r_4_tl_1" custom="readingOrder {index:0;} date {offset:21; length:6;}">
                <Coords points="278,629 2360,616 2360,545 2306,526 1936,562 1798,521 1709,572 1512,526 1369,580 1183,540 799,543 726,586 597,540 278,564"/>
                <Baseline points="292,618 307,618 352,618 397,620 441,620 486,618 531,620 576,620 620,623 665,620 710,620 755,620 800,620 844,620 889,620 934,620 979,620 1024,620 1068,618 1113,618 1158,618 1203,618 1247,618 1292,615 1337,618 1382,615 1427,615 1471,615 1516,615 1561,615 1606,615 1650,612 1695,612 1740,612 1785,609 1830,609 1874,609 1919,609 1964,606 2009,606 2054,606 2098,606 2143,603 2188,603 2233,603 2277,600 2322,600 2367,603"/>
                <TextEquiv>
                    <Unicode>In der Singstunde am 4.1.40 übergaben Sie mir ein Schreiben, von</Unicode>
                </TextEquiv>
            </TextLine>
            <TextLine id="r_4_tl_2" custom="readingOrder {index:1;}">
                <Coords points="284,686 2392,672 2416,610 284,632"/>
                <Baseline points="298,668 316,668 361,671 406,668 450,671 495,671 540,668 585,671 629,671 674,671 719,671 764,671 809,671 853,671 898,671 943,668 988,668 1032,668 1077,668 1122,668 1167,668 1212,668 1256,668 1301,665 1346,665 1391,665 1436,665 1480,662 1525,662 1570,665 1615,662 1659,662 1704,659 1749,662 1794,662 1839,662 1883,659 1928,659 1973,659 2018,659 2063,656 2107,653 2152,650 2197,650 2242,650 2286,653 2331,650 2376,647 2421,644"/>
                <TextEquiv>
                    <Unicode>ich der Form nach annehmen musste, dass Sie es im Auftrage des</Unicode>
                </TextEquiv>
            </TextLine>
            <TextLine id="r_4_tl_3" custom="readingOrder {index:2;} organization {offset:0; length:4;}">
                <Coords points="278,729 1887,734 2371,716 2390,664 278,683"/>
                <Baseline points="292,719 334,719 379,722 423,719 468,719 513,722 558,722 603,722 647,722 692,722 737,722 782,722 826,719 871,719 916,719 961,719 1006,719 1050,716 1095,719 1140,719 1185,719 1230,719 1274,716 1319,716 1364,713 1409,716 1453,716 1498,716 1543,713 1588,716 1633,713 1677,713 1722,713 1767,713 1812,713 1857,713 1901,710 1946,710 1991,710 2036,707 2080,704 2125,704 2170,704 2215,701 2260,698 2304,701 2349,698 2394,701"/>
                <TextEquiv>
                    <Unicode>chor schrieben. In diesem Schreiben baten Sie mich, Ihnen klaren Wein</Unicode>
                </TextEquiv>
            </TextLine>
            <TextLine id="r_4_tl_4" custom="readingOrder {index:3;} date {offset:28; length:13;when:01.01.1940;} place {offset:47; length:18;}">
                <Coords points="235,791 2379,764 2379,716 2028,707 721,753 308,734 235,675"/>
                <Baseline points="250,773 280,770 325,773 370,773 414,773 459,770 504,773 549,773 594,773 638,773 683,773 728,770 773,773 818,770 862,770 907,770 952,773 997,770 1041,770 1086,770 1131,770 1176,770 1221,767 1265,767 1310,767 1355,767 1400,767 1444,764 1489,767 1534,764 1579,764 1624,764 1668,764 1713,764 1758,761 1803,764 1848,761 1892,758 1937,758 1982,758 2027,755 2071,758 2116,752 2161,755 2206,752 2251,749 2295,749 2340,746 2385,749"/>
                <TextEquiv>
                    <Unicode>einzuschenken, warum ich am 1. Januar d.J. das Lokal zum Hirschen vor</Unicode>
                </TextEquiv>
            </TextLine>
            <TextLine id="r_4_tl_5" custom="readingOrder {index:4;}">
                <Coords points="278,832 2387,818 2384,764 2287,751 1504,794 278,778"/>
                <Baseline points="292,821 334,824 379,824 423,824 468,824 513,821 558,824 603,821 647,821 692,821 737,824 782,821 826,821 871,821 916,821 961,821 1006,821 1050,818 1095,818 1140,818 1185,818 1230,818 1274,818 1319,815 1364,818 1409,818 1453,815 1498,815 1543,815 1588,815 1633,815 1677,815 1722,812 1767,815 1812,812 1857,812 1901,812 1946,809 1991,809 2036,809 2080,806 2125,806 2170,806 2215,803 2260,800 2304,800 2349,800 2394,800"/>
                <TextEquiv>
                    <Unicode>Beginn der Veranstaltung verlassen habe, trotzdem ich Ihnen am selben</Unicode>
                </TextEquiv>
            </TextLine>
            <TextLine id="r_4_tl_6" custom="readingOrder {index:5;}">
                <Coords points="278,880 2381,859 2336,810 278,832"/>
                <Baseline points="292,868 328,871 373,871 417,871 462,871 507,871 552,871 597,871 641,871 686,874 731,871 776,871 821,871 865,871 910,871 955,871 1000,871 1044,868 1089,868 1134,868 1179,868 1224,868 1268,868 1313,865 1358,865 1403,862 1447,865 1492,865 1537,865 1582,865 1627,862 1671,859 1716,862 1761,862 1806,865 1851,862 1895,859 1940,859 1985,859 2030,859 2074,856 2119,853 2164,853 2209,853 2254,853 2298,850 2343,850 2388,844"/>
                <TextEquiv>
                    <Unicode>abend den Grund persönlich mitteilte, den Sie mir jedoch nicht glaub-</Unicode>
                </TextEquiv>
            </TextLine>
            <TextLine id="r_4_tl_7" custom="readingOrder {index:6;} date {offset:51; length:12;when:06.01.1940;}">
                <Coords points="270,932 2403,907 2376,859 424,905 270,875"/>
                <Baseline points="286,919 304,919 349,919 394,922 438,922 483,922 528,922 573,922 618,922 662,919 707,922 752,922 797,922 841,919 886,919 931,922 976,922 1021,919 1065,922 1110,919 1155,919 1200,919 1244,919 1289,916 1334,916 1379,916 1424,916 1468,916 1513,913 1558,913 1603,916 1648,913 1692,913 1737,913 1782,913 1827,910 1871,910 1916,910 1961,910 2006,910 2051,910 2095,904 2140,904 2185,901 2230,904 2274,901 2319,901 2364,901 2409,904"/>
                <TextEquiv>
                    <Unicode>ten. Ich kam Ihrer Bitte nach mit meinem Schreiben v. 6. 1. 40 an Sie.</Unicode>
                </TextEquiv>
            </TextLine>
            <TextLine id="r_4_tl_8" custom="readingOrder {index:7;}">
                <Coords points="270,980 2414,991 2387,907 273,932"/>
                <Baseline points="286,973 316,973 361,970 406,970 450,970 495,970 540,970 585,973 629,973 674,973 719,973 764,973 809,970 853,970 898,970 943,970 988,970 1032,970 1077,967 1122,967 1167,970 1212,970 1256,967 1301,967 1346,964 1391,967 1436,964 1480,967 1525,964 1570,964 1615,964 1659,964 1704,964 1749,961 1794,964 1839,961 1883,961 1928,961 1973,961 2018,958 2063,955 2107,955 2152,955 2197,955 2242,952 2286,952 2331,952 2376,952 2421,952"/>
                <TextEquiv>
                    <Unicode>Mit diesem meinem Schreiben ist für mich jedoch die Angelegenheit noch</Unicode>
                </TextEquiv>
            </TextLine>
            <TextLine id="r_4_tl_9" custom="readingOrder {index:8;}">
                <Coords points="278,1026 2327,1018 2327,967 2276,964 278,988"/>
                <Baseline points="292,1018 316,1021 361,1024 406,1024 450,1021 495,1024 540,1024 585,1024 629,1024 674,1024 719,1024 764,1021 809,1021 853,1021 898,1021 943,1021 988,1021 1032,1018 1077,1018 1122,1018 1167,1018 1212,1018 1256,1015 1301,1018 1346,1015 1391,1018 1436,1018 1480,1018 1525,1015 1570,1015 1615,1015 1659,1015 1704,1012 1749,1012 1794,1012 1839,1009 1883,1009 1928,1012 1973,1009 2018,1009 2063,1009 2107,1006 2152,1006 2197,1006 2242,1003 2286,1000 2331,1003"/>
                <TextEquiv>
                    <Unicode>nicht erledigt. Vielmehr drängt es mich, Ihnen auch wirklich klaren</Unicode>
                </TextEquiv>
            </TextLine>
            <TextLine id="r_4_tl_10" custom="readingOrder {index:9;}">
                <Coords points="281,1083 2414,1066 2414,1007 2371,1004 1879,1040 281,1029"/>
                <Baseline points="295,1071 316,1071 361,1071 406,1071 450,1071 495,1074 540,1071 585,1071 629,1071 674,1071 719,1071 764,1071 809,1071 853,1068 898,1071 943,1071 988,1068 1032,1068 1077,1068 1122,1068 1167,1068 1212,1068 1256,1065 1301,1065 1346,1065 1391,1065 1436,1065 1480,1065 1525,1065 1570,1065 1615,1062 1659,1065 1704,1062 1749,1062 1794,1062 1839,1059 1883,1059 1928,1059 1973,1059 2018,1059 2063,1053 2107,1053 2152,1056 2197,1053 2242,1053 2286,1056 2331,1053 2376,1053 2421,1050"/>
                <TextEquiv>
                    <Unicode>Wein einzuschenken und kam nun zum Entschluss, heute Ihnen ein Schrie-</Unicode>
                </TextEquiv>
            </TextLine>
            <TextLine id="r_4_tl_11" custom="readingOrder {index:10;}">
                <Coords points="281,1148 2290,1120 2290,1069 2190,1056 281,1083"/>
                <Baseline points="295,1122 325,1122 370,1122 414,1122 459,1122 504,1122 549,1122 594,1122 638,1122 683,1122 728,1119 773,1122 818,1119 862,1119 907,1119 952,1119 997,1119 1041,1119 1086,1119 1131,1119 1176,1116 1221,1119 1265,1116 1310,1116 1355,1116 1400,1113 1444,1113 1489,1113 1534,1113 1579,1113 1624,1110 1668,1113 1713,1110 1758,1113 1803,1110 1848,1110 1892,1110 1937,1107 1982,1110 2027,1107 2071,1107 2116,1104 2161,1104 2206,1101 2251,1101 2295,1104"/>
                <TextEquiv>
                    <Unicode>ben von mir zu übergeben, aus dem Sie diesen bewussten klaren Wein</Unicode>
                </TextEquiv>
            </TextLine>
            <TextLine id="r_4_tl_12" custom="readingOrder {index:11;}">
                <Coords points="284,1180 2414,1166 2414,1083 2306,1131 284,1148"/>
                <Baseline points="298,1170 316,1173 361,1173 406,1173 450,1173 495,1170 540,1170 585,1170 629,1173 674,1173 719,1173 764,1173 809,1170 853,1173 898,1170 943,1170 988,1170 1032,1167 1077,1167 1122,1167 1167,1167 1212,1167 1256,1167 1301,1167 1346,1167 1391,1164 1436,1164 1480,1164 1525,1164 1570,1164 1615,1164 1659,1164 1704,1161 1749,1161 1794,1161 1839,1161 1883,1161 1928,1161 1973,1161 2018,1158 2063,1155 2107,1155 2152,1158 2197,1155 2242,1155 2286,1155 2331,1152 2376,1152 2421,1149"/>
                <TextEquiv>
                    <Unicode>schöpfen wollen. Bemerken möchte ich, dass ich mir lange überlegte, ob</Unicode>
                </TextEquiv>
            </TextLine>
            <TextLine id="r_4_tl_13" custom="readingOrder {index:12;}">
                <Coords points="286,1231 2433,1215 2416,1161 286,1185"/>
                <Baseline points="301,1224 334,1221 379,1224 423,1224 468,1221 513,1221 558,1221 603,1221 647,1224 692,1221 737,1221 782,1221 826,1221 871,1221 916,1218 961,1221 1006,1218 1050,1221 1095,1218 1140,1218 1185,1215 1230,1215 1274,1215 1319,1215 1364,1212 1409,1212 1453,1212 1498,1215 1543,1212 1588,1212 1633,1212 1677,1212 1722,1212 1767,1212 1812,1209 1857,1209 1901,1209 1946,1209 1991,1206 2036,1206 2080,1206 2125,1206 2170,1203 2215,1203 2260,1203 2304,1203 2349,1203 2394,1200 2439,1200"/>
                <TextEquiv>
                    <Unicode>ich diese Angelegenheit in Anbetracht der Kriegszeit, in welcher kleine</Unicode>
                </TextEquiv>
            </TextLine>
            <TextLine id="r_4_tl_14" custom="readingOrder {index:13;}">
                <Coords points="281,1285 2406,1269 2408,1212 281,1237"/>
                <Baseline points="295,1274 307,1271 352,1271 397,1271 441,1271 486,1271 531,1271 576,1271 620,1271 665,1271 710,1271 755,1268 800,1271 844,1268 889,1268 934,1268 979,1265 1024,1268 1068,1268 1113,1268 1158,1265 1203,1268 1247,1265 1292,1265 1337,1265 1382,1265 1427,1262 1471,1262 1516,1262 1561,1262 1606,1262 1650,1259 1695,1262 1740,1262 1785,1262 1830,1259 1874,1259 1919,1259 1964,1256 2009,1256 2054,1259 2098,1256 2143,1256 2188,1256 2233,1253 2277,1253 2322,1250 2367,1250 2412,1250"/>
                <TextEquiv>
                    <Unicode>Sachen stillschweigend totgeschwiegen werden sollten,und in Anbetracht</Unicode>
                </TextEquiv>
            </TextLine>
            <TextLine id="r_4_tl_15" custom="readingOrder {index:14;}">
                <Coords points="281,1334 2373,1326 2344,1266 2236,1258 281,1285"/>
                <Baseline points="295,1322 319,1322 364,1322 409,1322 453,1322 498,1322 543,1322 588,1322 632,1322 677,1319 722,1319 767,1322 812,1319 856,1319 901,1316 946,1319 991,1319 1035,1319 1080,1319 1125,1316 1170,1316 1215,1313 1259,1316 1304,1316 1349,1316 1394,1313 1439,1310 1483,1313 1528,1310 1573,1313 1618,1313 1662,1313 1707,1313 1752,1310 1797,1310 1842,1310 1886,1310 1931,1310 1976,1307 2021,1307 2065,1307 2110,1304 2155,1304 2200,1304 2245,1304 2289,1304 2334,1304 2379,1307"/>
                <TextEquiv>
                    <Unicode>dessen, nicht in den falschen Verdacht zu kommen, insbesondere Ihnen,</Unicode>
                </TextEquiv>
            </TextLine>
            <TextLine id="r_4_tl_16" custom="readingOrder {index:15;}">
                <Coords points="278,1380 2022,1380 2381,1364 2384,1323 278,1334"/>
                <Baseline points="292,1370 328,1370 373,1373 417,1370 462,1373 507,1370 552,1370 597,1367 641,1367 686,1367 731,1370 776,1370 821,1370 865,1367 910,1367 955,1367 1000,1367 1044,1364 1089,1367 1134,1367 1179,1364 1224,1364 1268,1367 1313,1364 1358,1364 1403,1364 1447,1364 1492,1364 1537,1364 1582,1364 1627,1361 1671,1361 1716,1361 1761,1361 1806,1361 1851,1361 1895,1358 1940,1358 1985,1358 2030,1358 2074,1355 2119,1355 2164,1355 2209,1352 2254,1352 2298,1352 2343,1352 2388,1349"/>
                <TextEquiv>
                    <Unicode>als junger Vereinsführer Schwierigkeiten zu bereiten, nicht ohne wei-</Unicode>
                </TextEquiv>
            </TextLine>
            <TextLine id="r_4_tl_17" custom="readingOrder {index:16;}">
                <Coords points="286,1431 2454,1418 2419,1350 289,1385"/>
                <Baseline points="301,1421 310,1421 355,1421 400,1421 444,1418 489,1418 534,1421 579,1415 623,1418 668,1418 713,1418 758,1418 803,1418 847,1421 892,1418 937,1418 982,1418 1027,1418 1071,1415 1116,1415 1161,1415 1206,1412 1250,1415 1295,1412 1340,1412 1385,1412 1430,1412 1474,1409 1519,1412 1564,1409 1609,1412 1653,1412 1698,1409 1743,1409 1788,1409 1833,1406 1877,1406 1922,1406 1967,1406 2012,1403 2057,1403 2101,1403 2146,1400 2191,1403 2236,1403 2280,1403 2325,1403 2370,1400 2415,1397 2460,1394"/>
                <TextEquiv>
                    <Unicode>teres als erledigt gelten lassen solle. Da ich jedoch mit diesem Schei-</Unicode>
                </TextEquiv>
            </TextLine>
            <TextLine id="r_4_tl_18" custom="readingOrder {index:17;}">
                <Coords points="284,1480 2379,1466 2379,1418 2249,1401 1777,1439 284,1426"/>
                <Baseline points="298,1465 304,1468 349,1468 394,1465 438,1468 483,1468 528,1468 573,1465 618,1465 662,1468 707,1465 752,1465 797,1468 841,1465 886,1465 931,1465 976,1465 1021,1462 1065,1462 1110,1465 1155,1462 1200,1462 1244,1462 1289,1462 1334,1462 1379,1459 1424,1459 1468,1459 1513,1459 1558,1459 1603,1459 1648,1459 1692,1459 1737,1459 1782,1456 1827,1456 1871,1456 1916,1456 1964,1456 1964,1456 2012,1453 2057,1450 2101,1450 2146,1450 2191,1450 2236,1450 2280,1453 2325,1453 2370,1453 2385,1456"/>
                <TextEquiv>
                    <Unicode>ben weder das eine, noch das andere beabsichtige, sondern nur aufklä-</Unicode>
                </TextEquiv>
            </TextLine>
            <TextLine id="r_4_tl_19" custom="readingOrder {index:18;}">
                <Coords points="286,1526 988,1517 1145,1558 1361,1512 2379,1507 2338,1461 286,1480"/>
                <Baseline points="301,1519 325,1516 370,1519 414,1519 459,1516 504,1513 549,1516 594,1516 638,1519 683,1519 728,1516 773,1516 818,1516 862,1516 907,1513 952,1513 997,1513 1041,1513 1086,1513 1131,1513 1176,1513 1221,1510 1265,1513 1310,1510 1355,1510 1400,1510 1444,1510 1489,1510 1534,1510 1579,1510 1624,1507 1668,1507 1713,1507 1758,1507 1803,1507 1848,1507 1892,1504 1937,1504 1982,1504 2027,1504 2071,1501 2116,1501 2161,1501 2206,1501 2251,1498 2295,1501 2340,1501 2385,1498"/>
                <TextEquiv>
                    <Unicode>rend verstanden werden möchte, habe ich mich zu diesem Schreiben ent-</Unicode>
                </TextEquiv>
            </TextLine>
            <TextLine id="r_4_tl_20" custom="readingOrder {index:19;} date {offset:25; length:9;when:06.01.1940;}">
                <Coords points="286,1582 2379,1580 2379,1507 2325,1504 286,1526"/>
                <Baseline points="301,1567 325,1567 370,1570 414,1570 459,1567 504,1567 549,1570 594,1570 638,1570 683,1567 728,1567 773,1564 818,1567 862,1567 907,1564 952,1564 997,1564 1041,1561 1086,1561 1131,1561 1176,1561 1221,1564 1265,1561 1310,1561 1355,1561 1400,1558 1444,1558 1489,1561 1534,1558 1579,1555 1624,1558 1668,1558 1713,1555 1758,1555 1803,1555 1848,1555 1892,1552 1937,1555 1982,1552 2027,1552 2071,1552 2116,1552 2161,1552 2206,1549 2251,1552 2295,1549 2340,1549 2385,1546"/>
                <TextEquiv>
                    <Unicode>schlossen. Mein Schreiben v. 6.1. habe ich absichtlich kurz und nicht</Unicode>
                </TextEquiv>
            </TextLine>
            <TextLine id="r_4_tl_21" custom="readingOrder {index:20;}">
                <Coords points="284,1628 2325,1615 2325,1563 2209,1555 284,1582"/>
                <Baseline points="298,1615 316,1618 361,1618 406,1618 450,1618 495,1618 540,1618 585,1618 629,1618 674,1618 719,1615 764,1618 809,1615 853,1615 898,1615 943,1612 988,1609 1032,1612 1077,1612 1122,1612 1167,1612 1212,1612 1256,1612 1301,1609 1346,1609 1391,1609 1436,1609 1480,1609 1525,1609 1570,1609 1615,1606 1659,1606 1704,1606 1749,1606 1794,1606 1839,1603 1883,1603 1928,1603 1973,1600 2018,1600 2063,1600 2107,1600 2152,1600 2197,1600 2242,1600 2286,1600 2331,1600"/>
                <TextEquiv>
                    <Unicode>so gehalten, wie ich es eigentlich nach Durchsicht Ihres Schreibens</Unicode>
                </TextEquiv>
            </TextLine>
            <TextLine id="r_4_tl_22" custom="readingOrder {index:21;}">
                <Coords points="275,1693 2354,1655 2354,1609 2200,1606 275,1628"/>
                <Baseline points="289,1668 301,1668 346,1668 391,1668 435,1668 480,1668 525,1668 570,1665 615,1665 659,1665 704,1662 749,1662 794,1665 838,1662 883,1662 928,1662 973,1659 1018,1662 1062,1662 1107,1662 1152,1662 1197,1662 1241,1659 1286,1659 1331,1659 1376,1659 1421,1659 1465,1659 1510,1656 1555,1656 1600,1659 1645,1653 1689,1653 1734,1653 1779,1653 1824,1656 1868,1653 1913,1653 1958,1653 2003,1650 2048,1650 2092,1650 2137,1650 2182,1650 2227,1648 2271,1648 2316,1648 2361,1648"/>
                <TextEquiv>
                    <Unicode>halten wollte und zwar deshalb, um keinen Misston in die Generalver-</Unicode>
                </TextEquiv>
            </TextLine>
            <TextLine id="r_4_tl_23" custom="readingOrder {index:22;}">
                <Coords points="278,1736 2211,1701 2395,1742 2395,1647 278,1688"/>
                <Baseline points="292,1719 295,1719 340,1719 385,1719 429,1719 474,1719 519,1716 564,1716 609,1716 653,1716 698,1716 743,1716 788,1716 832,1713 877,1716 922,1713 967,1713 1012,1713 1056,1710 1101,1710 1146,1710 1191,1710 1236,1707 1280,1710 1325,1707 1370,1707 1415,1707 1459,1707 1504,1707 1549,1704 1594,1704 1639,1704 1683,1704 1728,1701 1773,1701 1818,1701 1862,1704 1907,1704 1952,1701 1997,1701 2042,1695 2086,1698 2131,1698 2176,1698 2221,1698 2266,1698 2310,1698 2355,1698 2400,1698"/>
                <TextEquiv>
                    <Unicode>sammlung zu bringen. Schon die Ersten Worte Ihres Schreibens in denen </Unicode>
                </TextEquiv>
            </TextLine>
            <TextLine id="r_4_tl_24" custom="readingOrder {index:23;}">
                <Coords points="281,1779 2190,1771 2325,1755 2327,1709 281,1733"/>
                <Baseline points="295,1767 316,1767 361,1767 406,1767 450,1770 495,1767 540,1767 585,1767 629,1767 674,1764 719,1755 764,1758 809,1761 853,1761 898,1761 943,1761 988,1761 1032,1758 1077,1755 1122,1758 1167,1758 1212,1758 1256,1755 1301,1758 1346,1758 1391,1758 1436,1755 1480,1752 1525,1755 1570,1755 1615,1752 1659,1752 1704,1752 1749,1752 1794,1752 1839,1752 1883,1749 1928,1752 1973,1749 2018,1746 2063,1746 2107,1746 2152,1746 2197,1746 2242,1743 2286,1743 2331,1743"/>
                <TextEquiv>
                    <Unicode>Sie auf mein" Verhalten " am 1. Januar zurückkommen und von mir so</Unicode>
                </TextEquiv>
            </TextLine>
            <TextLine id="r_4_tl_25" custom="readingOrder {index:24;}">
                <Coords points="286,1831 2422,1812 2390,1725 2001,1779 289,1782"/>
                <Baseline points="304,1818 325,1818 370,1818 414,1818 459,1815 504,1815 549,1815 594,1812 638,1812 683,1812 728,1809 773,1812 818,1812 862,1812 907,1812 952,1809 997,1812 1041,1809 1086,1806 1131,1806 1176,1806 1221,1806 1265,1803 1310,1806 1355,1806 1400,1806 1444,1806 1489,1803 1534,1803 1579,1806 1624,1803 1668,1803 1713,1803 1758,1800 1803,1800 1848,1800 1892,1797 1937,1800 1982,1797 2027,1797 2071,1797 2116,1797 2161,1797 2206,1797 2251,1797 2295,1794 2340,1794 2385,1794 2430,1794"/>
                <TextEquiv>
                    <Unicode>quasi eine Rechtfertigung dafür verlangten, trotzdem ich Ihnen dieselbe</Unicode>
                </TextEquiv>
            </TextLine>
            <TextLine id="r_4_tl_26" custom="readingOrder {index:25;}">
                <Coords points="281,1893 2406,1866 2381,1804 281,1825"/>
                <Baseline points="295,1868 307,1868 352,1868 397,1868 441,1868 486,1865 531,1865 576,1865 620,1862 665,1862 710,1862 755,1859 800,1859 844,1859 889,1859 934,1859 979,1857 1024,1859 1068,1857 1113,1857 1158,1857 1203,1857 1247,1854 1292,1854 1337,1854 1382,1854 1427,1854 1471,1854 1516,1854 1561,1851 1606,1854 1650,1851 1695,1851 1740,1851 1785,1851 1830,1851 1874,1851 1919,1851 1964,1851 2009,1851 2054,1851 2098,1851 2143,1845 2188,1845 2233,1845 2277,1848 2322,1845 2367,1845 2412,1845"/>
                <TextEquiv>
                    <Unicode>am gleichen abend persönlich gab, berührte mich eigenartig, ganz abge-</Unicode>
                </TextEquiv>
            </TextLine>
            <TextLine id="r_4_tl_27" custom="readingOrder {index:26;}">
                <Coords points="281,1925 2427,1914 2427,1866 2244,1844 281,1893"/>
                <Baseline points="295,1916 328,1916 373,1916 417,1916 462,1916 507,1913 552,1913 597,1913 641,1913 686,1910 731,1910 776,1910 821,1907 865,1907 910,1910 955,1907 1000,1907 1044,1907 1089,1907 1134,1904 1179,1907 1224,1907 1268,1904 1313,1904 1358,1904 1403,1904 1447,1904 1492,1904 1537,1904 1582,1901 1627,1898 1671,1901 1716,1901 1761,1901 1806,1901 1851,1901 1895,1901 1940,1898 1985,1898 2030,1898 2074,1895 2119,1895 2164,1895 2209,1892 2254,1895 2298,1895 2343,1895 2388,1895 2433,1898"/>
                <TextEquiv>
                    <Unicode>sehen davon, dass Sie meine Begründung nicht als Wahrheit betrachteten.</Unicode>
                </TextEquiv>
            </TextLine>
            <TextLine id="r_4_tl_28" custom="readingOrder {index:27;}">
                <Coords points="281,1976 2430,1982 2433,1914 2028,1895 284,1925"/>
                <Baseline points="295,1967 334,1967 379,1964 423,1964 468,1964 513,1964 558,1964 603,1964 647,1961 692,1961 737,1958 782,1961 826,1958 871,1955 916,1958 961,1958 1006,1955 1050,1955 1095,1952 1140,1955 1185,1955 1230,1955 1274,1955 1319,1952 1364,1955 1409,1952 1453,1952 1498,1952 1543,1952 1588,1949 1633,1949 1677,1949 1722,1949 1767,1949 1812,1946 1857,1949 1901,1949 1946,1949 1991,1946 2036,1943 2080,1946 2125,1943 2170,1946 2215,1946 2260,1943 2304,1946 2349,1946 2394,1946 2439,1949"/>
                <TextEquiv>
                    <Unicode>Sie vermuteten also andere Gründe. So ganz Unrecht hatten Sie mit Ihrer</Unicode>
                </TextEquiv>
            </TextLine>
            <TextLine id="r_4_tl_29" custom="readingOrder {index:28;}">
                <Coords points="284,2030 2387,2022 2387,1955 2319,1952 284,1976"/>
                <Baseline points="298,2015 331,2018 376,2018 420,2015 465,2015 510,2015 555,2012 600,2012 644,2012 689,2012 734,2009 779,2006 824,2009 868,2006 913,2003 958,2006 1003,2006 1047,2006 1092,2003 1137,2009 1182,2006 1227,2006 1271,2006 1316,2003 1361,2000 1406,2000 1450,2000 1495,2003 1540,2000 1585,2000 1630,2000 1674,2000 1719,2000 1764,2000 1809,2000 1854,1997 1898,1997 1943,1997 1988,1997 2033,1997 2077,1994 2122,1994 2167,1994 2212,1994 2257,1994 2301,1994 2346,1994 2391,1994"/>
                <TextEquiv>
                    <Unicode>Vermutung nicht. Das heist jedoch, obwohl mein angegebener Grund wahr</Unicode>
                </TextEquiv>
            </TextLine>
            <TextLine id="r_4_tl_30" custom="readingOrder {index:29;}">
                <Coords points="262,2101 354,2068 586,2101 996,2057 2384,2060 2365,2014 2068,1998 262,2030"/>
                <Baseline points="277,2063 286,2063 331,2065 376,2065 420,2065 465,2065 510,2063 555,2063 600,2063 644,2063 689,2060 734,2060 779,2060 824,2063 868,2057 913,2057 958,2057 1003,2057 1047,2057 1092,2054 1137,2054 1182,2054 1227,2057 1271,2054 1316,2051 1361,2054 1406,2054 1450,2051 1495,2051 1540,2051 1585,2051 1630,2051 1674,2048 1719,2048 1764,2051 1809,2048 1854,2048 1898,2045 1943,2045 1988,2045 2033,2048 2077,2045 2122,2045 2167,2045 2212,2045 2257,2045 2301,2045 2346,2048 2391,2048"/>
                <TextEquiv>
                    <Unicode>und der Hauptgrund war, bewog mich jedoch ein zweiter Grund dazu, auf</Unicode>
                </TextEquiv>
            </TextLine>
            <TextLine id="r_4_tl_31" custom="readingOrder {index:30;}">
                <Coords points="270,2122 2376,2109 2376,2063 2273,2047 270,2090"/>
                <Baseline points="286,2116 322,2116 367,2116 412,2113 456,2113 501,2113 546,2113 591,2110 635,2110 680,2110 725,2110 770,2110 815,2107 859,2107 904,2107 949,2107 994,2104 1038,2104 1083,2104 1128,2104 1173,2104 1218,2104 1262,2101 1307,2104 1352,2101 1397,2101 1442,2101 1486,2101 1531,2101 1576,2098 1621,2101 1665,2098 1710,2095 1755,2098 1800,2098 1845,2095 1889,2095 1934,2095 1979,2095 2024,2095 2068,2095 2113,2095 2158,2095 2203,2092 2248,2092 2292,2092 2337,2092 2382,2092"/>
                <TextEquiv>
                    <Unicode>die erhoffte gemütliche Sängerunterhaltung, auf die ich mich tatsäch-</Unicode>
                </TextEquiv>
            </TextLine>
            <TextLine id="r_4_tl_32" custom="readingOrder {index:31;} unclear {offset:0; length:2;}">
                <Coords points="157,2136 192,2136 202,2130 213,2138 238,2141 254,2030 221,2028 216,2033 200,2033 189,2028 189,2022 176,2022"/>
                <Baseline points="173,2116 206,2110 250,2104"/>
                <TextEquiv>
                    <Unicode>Ar</Unicode>
                </TextEquiv>
            </TextLine>
            <TextLine id="r_4_tl_33" custom="readingOrder {index:32;}">
                <Coords points="267,2182 2379,2152 2379,2106 1733,2092 1566,2128 270,2122"/>
                <Baseline points="286,2167 325,2167 370,2164 414,2164 459,2164 504,2161 549,2164 594,2161 638,2161 683,2161 728,2158 773,2158 818,2158 862,2155 907,2158 952,2155 997,2152 1041,2155 1086,2155 1131,2155 1176,2155 1221,2152 1265,2152 1310,2152 1355,2149 1400,2152 1444,2149 1489,2149 1534,2152 1579,2149 1624,2149 1668,2149 1713,2146 1758,2146 1803,2146 1848,2146 1892,2146 1937,2143 1982,2146 2027,2143 2071,2143 2116,2143 2161,2140 2206,2143 2251,2143 2295,2143 2340,2143 2385,2140"/>
                <TextEquiv>
                    <Unicode>lich gefreut hatte, zu verzichten, als ich den starken Besuch der Da-</Unicode>
                </TextEquiv>
            </TextLine>
            <TextLine id="r_4_tl_34" custom="readingOrder {index:33;}">
                <Coords points="267,2228 2438,2209 2406,2136 2338,2171 267,2187"/>
                <Baseline points="283,2215 292,2215 337,2215 382,2215 426,2215 471,2215 516,2209 561,2212 606,2212 650,2209 695,2212 740,2209 785,2209 829,2209 874,2206 919,2206 964,2206 1009,2203 1053,2203 1098,2203 1143,2206 1188,2206 1233,2203 1277,2203 1322,2200 1367,2200 1412,2200 1456,2200 1501,2200 1546,2200 1591,2200 1636,2200 1680,2197 1725,2197 1770,2197 1815,2197 1859,2197 1904,2197 1949,2194 1994,2194 2039,2194 2083,2194 2128,2191 2173,2191 2218,2191 2263,2194 2307,2197 2352,2194 2397,2194 2442,2197"/>
                <TextEquiv>
                    <Unicode>menwelt sah. Hiermit komme ich auf einen Punkt zu sprechen, von dem ich</Unicode>
                </TextEquiv>
            </TextLine>
            <TextLine id="r_4_tl_35" custom="readingOrder {index:34;}">
                <Coords points="270,2276 2190,2244 2384,2287 2416,2214 270,2233"/>
                <Baseline points="286,2266 316,2266 361,2266 406,2266 450,2266 495,2263 540,2263 585,2263 629,2260 674,2260 719,2260 764,2260 809,2260 853,2257 898,2257 943,2257 988,2254 1032,2254 1077,2254 1122,2254 1167,2254 1212,2254 1256,2254 1301,2251 1346,2251 1391,2251 1436,2251 1480,2251 1525,2248 1570,2248 1615,2248 1659,2248 1704,2248 1749,2248 1794,2248 1839,2248 1883,2245 1928,2245 1973,2245 2018,2245 2063,2245 2107,2242 2152,2245 2197,2242 2242,2242 2286,2245 2331,2242 2376,2245 2421,2245"/>
                <TextEquiv>
                    <Unicode>weiss, dass es ein ganz empfindlicher ist und dessen Anführung von ge-</Unicode>
                </TextEquiv>
            </TextLine>
            <TextLine id="r_4_tl_36" custom="readingOrder {index:35;}">
                <Coords points="278,2333 2311,2314 2357,2265 278,2279"/>
                <Baseline points="292,2310 301,2313 346,2316 391,2313 435,2313 480,2310 525,2310 570,2310 615,2310 659,2310 704,2310 749,2310 794,2307 838,2307 883,2307 928,2304 973,2304 1018,2304 1062,2304 1107,2304 1152,2304 1197,2304 1241,2301 1286,2301 1331,2298 1376,2301 1421,2301 1465,2301 1510,2298 1555,2298 1600,2298 1645,2298 1689,2298 1734,2298 1779,2298 1824,2298 1868,2295 1913,2295 1958,2292 2003,2292 2048,2292 2092,2295 2137,2292 2182,2292 2227,2292 2271,2292 2316,2289 2361,2298"/>
                <TextEquiv>
                    <Unicode>wissen Kameraden stehts unangenehm empfunden und nicht selten falsch</Unicode>
                </TextEquiv>
            </TextLine>
            <TextLine id="r_4_tl_37" custom="readingOrder {index:36;}">
                <Coords points="275,2379 2411,2357 2411,2292 275,2333"/>
                <Baseline points="289,2367 313,2367 358,2364 403,2364 447,2364 492,2364 537,2364 582,2358 626,2361 671,2361 716,2361 761,2358 806,2361 850,2358 895,2358 940,2355 985,2355 1030,2355 1074,2355 1119,2355 1164,2355 1209,2355 1253,2355 1298,2352 1343,2352 1388,2349 1433,2352 1477,2349 1522,2349 1567,2349 1612,2349 1656,2349 1701,2346 1746,2346 1791,2346 1836,2346 1880,2346 1925,2346 1970,2343 2015,2343 2060,2343 2104,2340 2149,2343 2194,2343 2239,2343 2283,2343 2328,2343 2373,2346 2418,2346"/>
                <TextEquiv>
                    <Unicode>ausgelegt wird. Nicht nur mir, sondern auch vielen Sängerkameraden und</Unicode>
                </TextEquiv>
            </TextLine>
            <TextLine id="r_4_tl_38" custom="readingOrder {index:37;} person {offset:21; length:18;}">
                <Coords points="284,2427 2406,2419 2406,2362 2306,2349 284,2381"/>
                <Baseline points="298,2415 307,2415 352,2415 397,2415 441,2415 486,2415 531,2415 576,2409 620,2412 665,2409 710,2409 755,2409 800,2409 844,2409 889,2409 934,2406 979,2406 1024,2406 1068,2403 1113,2403 1158,2403 1203,2403 1247,2403 1292,2403 1337,2403 1382,2400 1427,2400 1471,2400 1516,2400 1561,2400 1606,2397 1650,2400 1695,2400 1740,2397 1785,2397 1830,2394 1874,2394 1919,2394 1964,2394 2009,2394 2054,2391 2098,2394 2143,2394 2188,2391 2233,2391 2277,2394 2322,2391 2367,2394 2412,2391"/>
                <TextEquiv>
                    <Unicode>vieleicht auch Ihnen Herr Vereinsführer, dürfte noch lebhaft in Erinn-</Unicode>
                </TextEquiv>
            </TextLine>
            <TextLine id="r_4_tl_39" custom="readingOrder {index:38;}">
                <Coords points="278,2487 2308,2462 2308,2419 2209,2400 278,2435"/>
                <Baseline points="292,2466 301,2466 346,2466 391,2466 435,2466 480,2463 525,2463 570,2463 615,2463 659,2463 704,2460 749,2460 794,2457 838,2460 883,2460 928,2457 973,2457 1018,2454 1062,2454 1107,2457 1152,2457 1197,2454 1241,2454 1286,2454 1331,2451 1376,2451 1421,2451 1465,2451 1510,2451 1555,2448 1600,2451 1645,2448 1689,2448 1734,2448 1779,2448 1824,2448 1868,2448 1913,2442 1958,2442 2003,2442 2048,2442 2092,2442 2137,2442 2182,2439 2227,2442 2271,2445 2316,2448"/>
                <TextEquiv>
                    <Unicode>erung sein, dass eine frühere Neujahrsunterhaltung im selben Lokal,</Unicode>
                </TextEquiv>
            </TextLine>
            <TextLine id="r_4_tl_40" custom="readingOrder {index:39;}">
                <Coords points="275,2533 2344,2516 2381,2508 2384,2427 2306,2465 275,2487"/>
                <Baseline points="289,2516 328,2519 373,2516 417,2516 462,2513 507,2510 552,2510 597,2513 641,2510 686,2510 731,2507 776,2507 821,2507 865,2507 910,2507 955,2507 1000,2507 1044,2507 1089,2504 1134,2504 1179,2504 1224,2504 1268,2504 1313,2501 1358,2501 1403,2501 1447,2501 1492,2501 1537,2498 1582,2498 1627,2498 1671,2498 1716,2495 1761,2498 1806,2495 1851,2495 1895,2495 1940,2495 1985,2492 2030,2492 2074,2492 2119,2489 2164,2489 2209,2492 2254,2492 2298,2492 2343,2492 2388,2495"/>
                <TextEquiv>
                    <Unicode>ziemlich nüchtern und innhaltslos verlaufen ist und zwar nach Aussage</Unicode>
                </TextEquiv>
            </TextLine>
            <TextLine id="r_4_tl_41" custom="readingOrder {index:40;}">
                <Coords points="270,2578 2390,2557 2390,2506 2160,2498 270,2530"/>
                <Baseline points="286,2564 292,2567 337,2567 382,2567 426,2564 471,2561 516,2558 561,2561 606,2564 650,2564 695,2561 740,2558 785,2558 829,2558 874,2555 919,2558 964,2555 1009,2558 1053,2555 1098,2555 1143,2552 1188,2555 1233,2552 1277,2552 1322,2552 1367,2552 1412,2552 1456,2549 1501,2549 1546,2549 1591,2549 1636,2546 1680,2546 1725,2546 1770,2549 1815,2546 1859,2543 1904,2546 1949,2543 1994,2540 2039,2540 2083,2540 2128,2540 2173,2543 2218,2540 2263,2543 2307,2543 2352,2543 2397,2543"/>
                <TextEquiv>
                    <Unicode>mehrerer Sänger nur deshalb, weil auch der damalige Damenbesuch jedem</Unicode>
                </TextEquiv>
            </TextLine>
            <TextLine id="r_4_tl_42" custom="readingOrder {index:41;}">
                <Coords points="275,2632 2427,2616 2430,2543 275,2581"/>
                <Baseline points="289,2621 328,2618 373,2618 417,2615 462,2612 507,2612 552,2615 597,2615 641,2612 686,2612 731,2609 776,2612 821,2609 865,2606 910,2609 955,2609 1000,2606 1044,2606 1089,2606 1134,2606 1179,2603 1224,2603 1268,2603 1313,2603 1358,2603 1403,2600 1447,2600 1492,2600 1537,2600 1582,2600 1627,2600 1671,2597 1716,2597 1761,2597 1806,2597 1851,2594 1895,2594 1940,2594 1985,2594 2030,2591 2074,2588 2119,2591 2164,2591 2209,2591 2254,2588 2298,2594 2343,2594 2388,2594 2433,2597"/>
                <TextEquiv>
                    <Unicode>Sänger eine gewisse Zurückhaltung in Bezug auf derben Humor auferlegte.</Unicode>
                </TextEquiv>
            </TextLine>
            <TextLine id="r_4_tl_43" custom="readingOrder {index:42;}">
                <Coords points="275,2673 2206,2643 2433,2676 2433,2614 2092,2600 275,2635"/>
                <Baseline points="289,2666 307,2666 352,2663 397,2666 441,2666 486,2663 531,2663 576,2663 620,2663 665,2660 710,2660 755,2660 800,2660 844,2660 889,2657 934,2660 979,2660 1024,2657 1068,2654 1113,2657 1158,2654 1203,2654 1247,2654 1292,2654 1337,2651 1382,2651 1427,2651 1471,2651 1516,2654 1561,2651 1606,2648 1650,2648 1695,2648 1740,2648 1785,2648 1830,2648 1874,2645 1919,2645 1964,2642 2009,2645 2054,2642 2098,2639 2143,2642 2188,2636 2235,2644 2235,2644 2283,2645 2328,2651 2373,2651 2418,2648 2436,2648"/>
                <TextEquiv>
                    <Unicode>Ob dies dieses Jahr nicht zutraf, weiss ich nicht. Nach Aussage einiger</Unicode>
                </TextEquiv>
            </TextLine>
            <TextLine id="r_4_tl_44" custom="readingOrder {index:43;}">
                <Coords points="270,2724 2416,2716 2416,2673 1974,2646 1355,2684 270,2668"/>
                <Baseline points="286,2713 319,2716 364,2716 409,2713 453,2713 498,2716 543,2713 588,2713 632,2713 677,2713 722,2710 767,2710 812,2710 856,2707 901,2707 946,2707 991,2707 1035,2707 1080,2704 1125,2707 1170,2707 1215,2707 1259,2704 1304,2704 1349,2701 1394,2701 1439,2701 1483,2701 1528,2698 1573,2698 1618,2698 1662,2698 1707,2695 1752,2695 1797,2698 1842,2695 1886,2692 1931,2692 1976,2692 2021,2692 2065,2692 2110,2692 2155,2695 2200,2692 2245,2692 2289,2692 2334,2689 2379,2692 2424,2692"/>
                <TextEquiv>
                    <Unicode>anwesend gewesener Sängerkameraden, soll der Abend ziemlich ruhige ver-</Unicode>
                </TextEquiv>
            </TextLine>
            <TextLine id="r_4_tl_45" custom="readingOrder {index:44;}">
                <Coords points="270,2776 2349,2757 2319,2703 2101,2697 270,2727"/>
                <Baseline points="286,2767 295,2770 340,2767 385,2767 429,2767 474,2764 519,2764 564,2764 609,2764 653,2761 698,2761 743,2761 788,2761 832,2761 877,2758 922,2758 967,2761 1012,2761 1056,2758 1101,2761 1146,2755 1191,2755 1236,2755 1280,2755 1325,2752 1370,2755 1415,2752 1459,2752 1504,2749 1549,2749 1594,2746 1639,2746 1683,2746 1728,2749 1773,2746 1818,2746 1862,2746 1907,2746 1952,2743 1997,2743 2042,2746 2086,2740 2131,2740 2176,2743 2221,2740 2266,2737 2310,2737 2355,2740"/>
                <TextEquiv>
                    <Unicode>laufen sein. Nun kann man ja allerdings der Meinung sein, un dieser</Unicode>
                </TextEquiv>
            </TextLine>
            <TextLine id="r_4_tl_46" custom="readingOrder {index:45;}">
                <Coords points="265,2838 2414,2813 2414,2743 265,2776"/>
                <Baseline points="280,2815 316,2818 361,2818 406,2818 450,2818 495,2815 540,2818 585,2815 629,2815 674,2812 719,2815 764,2812 809,2809 853,2809 898,2809 943,2809 988,2809 1032,2809 1077,2806 1122,2809 1167,2806 1212,2806 1256,2803 1301,2806 1346,2803 1391,2803 1436,2803 1480,2800 1525,2797 1570,2797 1615,2797 1659,2800 1704,2800 1749,2797 1794,2797 1839,2794 1883,2794 1928,2794 1973,2794 2018,2794 2063,2791 2107,2791 2152,2791 2197,2791 2242,2788 2286,2788 2331,2791 2376,2794 2421,2797"/>
                <TextEquiv>
                    <Unicode>Meinung sind auch bereits immer die oben erwähnten Kameraden, dass man</Unicode>
                </TextEquiv>
            </TextLine>
            <TextLine id="r_4_tl_47" custom="readingOrder {index:46;}">
                <Coords points="275,2881 2433,2862 2433,2816 2265,2800 275,2830"/>
                <Baseline points="289,2866 334,2869 379,2869 423,2869 468,2869 513,2866 558,2863 603,2863 647,2866 692,2863 737,2866 782,2860 826,2860 871,2860 916,2860 961,2860 1006,2860 1050,2860 1095,2857 1140,2857 1185,2857 1230,2854 1274,2857 1319,2854 1364,2854 1409,2848 1453,2848 1498,2848 1543,2851 1588,2848 1633,2851 1677,2848 1722,2845 1767,2848 1812,2848 1857,2845 1901,2845 1946,2842 1991,2845 2036,2842 2080,2842 2125,2839 2170,2839 2215,2839 2260,2839 2304,2839 2349,2842 2394,2842 2439,2842"/>
                <TextEquiv>
                    <Unicode>den Damen und insbesondere den Sängerfrauen und Sängerbräuten auch ein-</Unicode>
                </TextEquiv>
            </TextLine>
            <TextLine id="r_4_tl_48" custom="readingOrder {index:47;}">
                <Coords points="275,2930 2441,2905 2441,2857 2157,2846 278,2884"/>
                <Baseline points="289,2919 298,2916 343,2919 388,2919 432,2919 477,2916 522,2916 567,2916 612,2916 656,2913 701,2913 746,2913 791,2913 835,2913 880,2913 925,2910 970,2910 1015,2910 1059,2910 1104,2907 1149,2907 1194,2907 1238,2904 1283,2904 1328,2904 1373,2901 1418,2901 1462,2901 1507,2901 1552,2898 1597,2901 1642,2898 1686,2895 1731,2898 1776,2898 1821,2898 1865,2895 1910,2895 1955,2892 2000,2892 2045,2892 2089,2892 2134,2889 2179,2889 2224,2889 2269,2889 2313,2889 2358,2889 2403,2892 2448,2895"/>
                <TextEquiv>
                    <Unicode>mal im Jahr einen, gemütlichen Abend unter Sängern gönnen müsse und dass</Unicode>
                </TextEquiv>
            </TextLine>
            <TextLine id="r_4_tl_49" custom="readingOrder {index:48;}">
                <Coords points="275,2978 2411,2956 2411,2908 2184,2892 275,2932"/>
                <Baseline points="289,2970 313,2970 358,2967 403,2964 447,2967 492,2964 537,2967 582,2964 626,2964 671,2964 716,2964 761,2961 806,2964 850,2961 895,2961 940,2961 985,2958 1030,2958 1074,2958 1119,2958 1164,2955 1209,2958 1253,2958 1298,2955 1343,2955 1388,2952 1433,2952 1477,2952 1522,2952 1567,2949 1612,2949 1656,2946 1701,2946 1746,2946 1791,2946 1836,2946 1880,2946 1925,2943 1970,2943 2015,2943 2060,2943 2104,2940 2149,2940 2194,2940 2239,2940 2283,2940 2328,2940 2373,2940 2418,2943"/>
                <TextEquiv>
                    <Unicode>hierzu doch der Neujahrsabend der geeignetste sei. Ich, und ich glaube</Unicode>
                </TextEquiv>
            </TextLine>
            <TextLine id="r_4_tl_50" custom="readingOrder {index:49;}">
                <Coords points="275,3027 2411,3008 2411,2959 2341,2951 275,2978"/>
                <Baseline points="289,3018 313,3021 358,3018 403,3018 447,3018 492,3015 537,3015 582,3015 626,3015 671,3015 716,3015 761,3012 806,3012 850,3012 895,3012 940,3009 985,3009 1030,3009 1074,3009 1119,3009 1164,3006 1209,3003 1253,3006 1298,3006 1343,3003 1388,3006 1433,3003 1477,3000 1522,3000 1567,3000 1612,3000 1656,2997 1701,2997 1746,2997 1791,2994 1836,2997 1880,2994 1925,2994 1970,2991 2015,2991 2060,2991 2104,2991 2149,2988 2194,2991 2239,2988 2283,2988 2328,2985 2373,2991 2418,2991"/>
                <TextEquiv>
                    <Unicode>hier auch im Namen noch vieler Sängerkameraden zu sprechen, bin gewiss</Unicode>
                </TextEquiv>
            </TextLine>
            <TextLine id="r_4_tl_51" custom="readingOrder {index:50;}">
                <Coords points="270,3078 2265,3062 2387,3054 2390,3010 270,3027"/>
                <Baseline points="286,3069 289,3069 334,3069 379,3066 423,3069 468,3066 513,3066 558,3066 603,3066 647,3066 692,3066 737,3063 782,3063 826,3060 871,3060 916,3060 961,3060 1006,3060 1050,3060 1095,3060 1140,3057 1185,3057 1230,3057 1274,3057 1319,3054 1364,3051 1409,3051 1453,3054 1498,3054 1543,3054 1588,3051 1633,3048 1677,3048 1722,3048 1767,3048 1812,3048 1857,3045 1901,3045 1946,3042 1991,3039 2036,3039 2080,3039 2125,3039 2170,3039 2215,3036 2260,3036 2304,3036 2349,3039 2394,3039"/>
                <TextEquiv>
                    <Unicode>der letzte, der es Sängerfrauen nicht gönnen wollte, gemütliche Stun-</Unicode>
                </TextEquiv>
            </TextLine>
            <TextLine id="r_4_tl_52" custom="readingOrder {index:51;}">
                <Coords points="270,3129 2414,3110 2387,3048 270,3078"/>
                <Baseline points="286,3116 316,3119 361,3119 406,3116 450,3116 495,3116 540,3116 585,3116 629,3116 674,3113 719,3113 764,3113 809,3113 853,3110 898,3113 943,3110 988,3110 1032,3110 1077,3110 1122,3107 1167,3107 1212,3107 1256,3104 1301,3104 1346,3101 1391,3101 1436,3104 1480,3101 1525,3098 1570,3101 1615,3098 1659,3098 1704,3095 1749,3095 1794,3095 1839,3095 1883,3095 1928,3093 1973,3090 2018,3090 2063,3090 2107,3090 2152,3090 2197,3087 2242,3090 2286,3090 2331,3090 2376,3093 2421,3095"/>
                <TextEquiv>
                    <Unicode>den im Sängerkreis zu verleben, dass jedoch hierzu unser Neujahrsabend</Unicode>
                </TextEquiv>
            </TextLine>
            <TextLine id="r_4_tl_53" custom="readingOrder {index:52;}">
                <Coords points="270,3194 2390,3151 2344,3100 1998,3092 273,3132"/>
                <Baseline points="286,3170 289,3170 334,3170 379,3170 423,3170 468,3167 513,3167 558,3167 603,3164 647,3164 692,3164 737,3164 782,3164 826,3161 871,3161 916,3161 961,3161 1006,3161 1050,3161 1095,3161 1140,3158 1185,3158 1230,3155 1274,3155 1319,3152 1364,3152 1409,3152 1453,3152 1498,3149 1543,3152 1588,3149 1633,3149 1677,3146 1722,3146 1767,3143 1812,3143 1857,3143 1901,3143 1946,3140 1991,3140 2036,3140 2080,3140 2125,3137 2170,3134 2215,3137 2260,3140 2304,3140 2349,3137 2394,3140"/>
                <TextEquiv>
                    <Unicode>der geeignetste sein sollte, möchte ich und noch viele Sänger bezwei-</Unicode>
                </TextEquiv>
            </TextLine>
            <TextLine id="r_4_tl_54" custom="readingOrder {index:53;}">
                <Coords points="275,3240 826,3264 905,3224 1145,3254 1423,3213 1496,3259 1685,3229 1771,3275 1944,3216 2195,3278 2254,3237 2433,3248 2435,3135 275,3189"/>
                <Baseline points="289,3221 331,3221 376,3221 420,3221 465,3218 510,3218 555,3218 600,3218 644,3215 689,3215 734,3215 779,3215 824,3215 868,3212 913,3212 958,3212 1003,3212 1047,3209 1092,3209 1137,3206 1182,3209 1227,3206 1271,3206 1316,3206 1361,3206 1406,3203 1450,3203 1495,3203 1540,3203 1585,3203 1630,3203 1674,3200 1719,3197 1764,3197 1809,3197 1854,3194 1898,3194 1943,3191 1988,3191 2033,3191 2077,3191 2122,3188 2167,3191 2212,3194 2257,3194 2301,3191 2346,3194 2391,3194 2436,3194"/>
                <TextEquiv>
                    <Unicode>feln. Und nun komme ich auf die Einladung der Damer zu sprechen, möchte</Unicode>
                </TextEquiv>
            </TextLine>
            <TextEquiv>
                <Unicode></Unicode>
            </TextEquiv>
        </TextRegion>
        <TextRegion id="r_3" custom="readingOrder {index:3;}">
            <Coords points="2329,31 2426,31 2426,119 2329,119"/>
            <TextEquiv>
                <Unicode></Unicode>
            </TextEquiv>
        </TextRegion>
    </Page>
</PcGts>
