2479 3508
1279 168 2046 475 H. den 16. 11.41
763 572 1565 708 Mein lieber Alfons!
942 801 2332 1007 Nun hat Mir Herr Matt geschrieben,
789 914 2214 1120 er gab sich Mühe, aber ohne Erfolg. Ich
793 1067 2311 1194 denke immer, muß es Brandwein
783 1168 2303 1332 sein, kann es nicht Cognac (Weinbrand)
793 1283 2262 1436 sein. Die aufgegebene Adresse ist gut
783 1393 2091 1525 u. glaube bestimmt in einen
787 1480 2252 1641 Erfolg auf irgendein Art. Neues
795 1576 2192 1734 vom Walde kann ich nichts berichten.
1287 1698 1951 1843 Mit hezl. Grüßen
1550 1802 1732 1913 Dein
1716 1870 1911 1983 Carl
