2479 3508
199 458 605 555 Vereinsabzeichen
219 544 580 605 und Ehrenzeichen
178 578 623 659 für jeden Sport und Zweck
298 632 501 695 Medaillen
232 652 573 738 Ehrungsplaketten.
246 729 560 792 Sänger-Ringe
250 778 546 835 Ehrennadeln
138 808 659 882 Fahnennägel, Sängerketten
124 875 668 945 in allen Metallen und moderner
300 918 505 979 Ausführung
253 963 546 1045 Bank-Verbindung:
180 1011 618 1090 Städt. Sparkasse Pforzheim
255 1076 546 1126 Postscheck-Konto:
185 1094 611 1173 Amt Karlsruhe No. 79188.
354 106 2125 287 Daniel Ulmann Pforzheim
426 255 2028 372 Fernsprecher 6764 Schmuckwaren-Fabrik Untere Augasse 22
1361 451 2218 573 Pforzheim, den "7. Dez. 1940.
966 853 1789 941 An den Männerchor Murg
1036 896 2245 1018 Herrn Vereinsführer Alfons Zimmermann
1478 1042 2301 1171 Laufenburg - Rhina / Bad.
1065 1291 2146 1406 Sehr geehrter Herr Sängerkamerad!
936 1388 2252 1500 Ihre gesch. Anfrage über Sängerringe und
614 1449 2367 1564 Ehrennadeln konnte ich leider nicht früher beantworten
616 1532 2335 1602 weil die Goldfrage noch ungelöst war. Wir können heute
614 1573 2398 1652 nur noch gegen Altgoldanlieferung Waren anfertigen, und
611 1638 2340 1703 so hatte ich erst heute wieder Gelegenheit etwas Gold
616 1683 2365 1751 von einer Anlieferung zu erübrigen mit welchem ich den
614 1722 2428 1805 gewünschten Ring herstellen könnte. Ausser es bestände die
602 1778 2405 1850 Möglichkeit dass Sie auf befragen in Ihren Verein etwas
607 1832 2365 1898 Altgold beischaffen könnten? andernfalls würde das vor-
611 1879 2301 1954 handene Gold Verwendung finden, Die Preise sind ganz
620 1931 2333 2004 verschieden und sollten Sie den Auftrag fest vergeben.
605 1979 2362 2051 so bin ich bereit eine Auswahl mit Preisangebot einzu-
611 2024 2308 2098 senden. Sängerehrennadeln werden noch hergestellt und
611 2080 2335 2168 bewegen sich die Preise in echt Silber oder auch ver-
605 2146 1676 2218 goldet zwischen 3-5 Mk. das Stück.
923 2155 2439 2263 Auch da würde ich Muster einsenden zur Auswahl
927 2236 2335 2308 Ihrer gesch. diesbezüglichen Nachricht sehe
600 2281 1209 2380 ich gerne entgegen.
1340 2308 1728 2423 Heil Hitler
1439 2421 1888 2525 Ihr ergebener
1439 2541 2035 2660 Ullmann
