2479 3508
1432 237 2289 374 Murg, den 14. Oktober 1942.
524 533 1001 653 Herrn und Frau
538 642 1029 736 Hans Schlageter.
542 718 794 831 Murg
540 890 1365 1034 Lieber Sangesbruder Hans!
538 1042 2283 1151 Du bist Ende September im Hafen der Ehe gelandet. Unsere
538 1114 2152 1217 Glückwünsche übermittelten wir damals umständehalber
555 1166 958 1256 telegrafisch.
544 1214 2094 1308 Heute möchten wir es nochmals in anderer Form tun.
553 1295 2252 1349 Traditionsgemäss wird jedem Sänger zur Verehlichung ein
544 1343 2189 1404 Ständchen gesungen. Ausgerechnet bei Dir ist dies nun
546 1397 2220 1462 zum ersten Mal während des gegenwärtigen Krieges nicht
544 1425 2268 1526 möglich, weil uns keine ersten Tenöre mehr zur Verfügung
546 1495 1970 1571 stehen. Wir müssen uns deswegen entschuldigen.
546 1554 2279 1623 Nimm aber an Stelle des Ständchens diesen Blumenkorb von
546 1628 2237 1704 Deinen Sängerkameraden entgegen. Er soll Dir und Deiner
544 1665 1843 1752 lieben Frau unsere Wertschätzung beweisen.
546 1719 2213 1813 Wenn wir ferner das sonst übliche Hochzeitsgeschenk im
544 1791 2189 1852 Augenblick nicht machen können, weil man leider trotz
544 1843 2231 1898 aller Bemühungen beim besten Willen nirgends mehr etwas
557 1887 2237 1950 passendes erhält, so sollst Du und Deine Gattin deshalb
548 1939 2239 1998 nicht weniger geehrt sein. Sobald der Krieg vorüber ist
555 1989 2287 2046 und man wieder etwas kaufen kann, was sich als Hochzeits-
548 2043 2272 2100 Erinnerung eignet, werden wir uns erlauben, das Geschenk-
544 2087 1412 2168 nachträglich zu überreichen.
555 2144 2224 2237 Und nun zum Schlusse nochmals unsere besten Wünsche auf
553 2205 1328 2300 ein glückliches Eheleben.
1358 2292 2217 2420 Heil Hitler !
1441 2403 2015 2522 Der Vereinsführer:
1665 2485 2043 2583 Zimmermann
