2479 3508
1177 191 2340 293 Laufenburg-Rhina, den 12.Februar 1940.
583 522 986 638 Mein Lieber !
589 659 2198 774 Radio Herrischried hat sicher anfangs Januar die Neu-
591 748 2148 816 besetzung des Vorstandspostens beim Männerchor Murg
598 797 2198 876 gemeldet. Ich brauch also nichts darüber auszuführen.
594 850 2118 914 Was konnte ich anders tun. Es gab kein Ausweg. Ich
589 905 2128 986 musste endgültig annehmen. Dies nur zur Einleitung,
594 943 1675 1032 Zweck meines Briefes ist folgender:
1529 1001 1656 1081 sten
583 1001 1529 1085 Du feierst am 20.d.M. Deinen 60
1671 984 2116 1096 Geburtstag. Du
591 1064 2173 1134 weisst, jeder Sänger und erst recht solche, die sich
591 1128 2179 1183 um die Sängersache verdient gemacht haben, werden am
591 1166 2173 1232 Vorabend dieses Tages mit einem Ständchen geehrt. Du
587 1219 2290 1304 hast mir vor einigen Wochen einmal gesagt, dass Du diese
591 1264 2207 1344 Ehrung nicht haben willst. Nun mein Lieber, ich bitte
587 1327 2173 1386 sehr darum, Deinen Standpunkt zu ändern. Mache nicht
585 1367 2175 1435 das nach, was der "Grosse“ (hat mir übergens bereits
589 1410 2230 1488 schon Schwierigkeiten gemacht) aus dem gleichen Anlass
589 1471 2173 1539 tat. Lass uns die Freude. Die Vorstandschaft hat be-
579 1501 2175 1596 schlossen, dass wir unter allen Umständen singen. Im
583 1567 2152 1637 allgemeinen sagt man dies dem zu Ehrenden nicht. In
572 1611 2044 1681 Deinem Falle muss jedoch in dieser Hinsicht klar
585 1666 2090 1755 gesehen werden. Du musst orientiert sein, weil Du
583 1717 1827 1787 ja nicht am Platze wohnst. Also pass auf:
570 1774 2192 1874 Dein Geburtstag ist am 20.Februar, an einem Dienstag.
577 1832 2148 1919 Wir hätten also am Montag Abend zu singen. Das geht
575 1874 2228 1974 aber nicht, weil Du nicht da bist unter der Woche. Wir
575 1927 2207 2020 werden das Ständchen, deshalb entweder am Samstag den
570 1978 2203 2078 17. oder Samstag den 24.Februar vor Deiner Wohnung in
568 2033 2116 2116 Murg durchführen. An einem dieser Samstage bist Du
564 2069 2143 2171 doch sicher daheim, zumal Du Murg schon lange nicht
555 2137 2226 2230 mehr gesehen hast und Dich Deine Familie schon mehrere
568 2177 2075 2264 Sonntage erwartet hat, wie mir gestern Deine Frau
564 2241 2198 2347 erzählte, der ich allerdings von dem Ständchen nichts
562 2277 753 2360 sagte.
551 2330 2222 2455 Schreibe mir also bitte postwendend an welchem Samstag
551 2406 2198 2506 Du da bist. Irgend welche Ausreden gibt es nicht. Die
549 2466 2162 2563 Sache wird durchgeführt. Wir haben heute das Führer-
555 2506 810 2582 prinzip.
545 2578 1060 2701 Herzliche Grüsse
1514 2699 1679 2794 Dein
