2479 3508
1373 103 2310 237 Murg, den 21. Februar 1940.
528 472 740 579 An die
528 557 1098 669 Kreismusikerschaft
528 707 1098 821 Lörrach/Bd.
537 789 859 856 Karlstr.14
539 1109 1963 1208 Betr. Mitgl. Nr. 509456 / Walter Wolf, Murg/Bd.
539 1190 2337 1297 Unterm 1. d.M. mahnen Sie die Entrichtung der Beiträge für
537 1255 2104 1333 die Monate Mai 1939 bis Januar 1940 mit RMi 6.75 an.
543 1333 2299 1418 Ich muss Ihnen mitteilen, dass sich unser Chorleiter seit
537 1411 2294 1465 August v.J. beim Heeresdienst befindet. Deshalb bitte ich
543 1454 2297 1521 von der Erhebung dieses Betrages Abstand zu nehmen, zumal
537 1516 2301 1570 eine Verfügung bestehen soll, nach welcher Dirigenten nur
539 1563 2292 1632 dann Mitglied der Reichsmusikkammer sein müssen, wenn sie
548 1610 2274 1675 im Jahr mehr wie 10 mal öffentlich auftreten. Dies trifft
548 1650 2294 1758 bei uns nicht zu. In normalen Zeiten hatten wir höchstens
548 1704 1105 1796 3 Anlässe im Jahr.
537 1758 2328 1885 Ich richte dieses Schriftstück direkt an Sie, weil mir die
537 1867 2022 1946 Adresse der Ortsmusikerschaft nicht bekannt ist.
1382 2091 1782 2216 Heil Hitler!
1259 2194 1829 2301 Der Vereinsführer:
