2479 3508
1587 292 2290 425 Burg, den le.Oost. 1525
420 813 742 1006 Estr. Mler
962 987 2381 1142 nohn Begng auf uer Kundscheiben in obigen
410 1056 2396 1249 Betroff und bytten sas recht sahr, Ihre Etschsidung ue bin ein 1s.G
418 1216 2393 1323 gekamn en agen. wir wind nur an einen gans eegen Krein herangsto
401 1298 2339 1441 ten unt ist es ehher fur uns von Interenge Ihre leinung zu htren, be-
415 1392 1835 1516 mut wir otl.meitore Kreine interenleren Lnnen.
1090 1543 1941 1701 Uit tresentschen Singergus
1234 1862 1545 2008 egehandt en
1278 1938 2351 2154 Dectlg Sacte & Saule g derten
