2479 3508
688 551 856 645 Herzu
919 586 1359 737 Aibiate,
1357 671 1685 782 Murg/
461 860 1050 1026 Zleber Sangeebruder!
1061 1038 2253 1151 Sie werden davon unterrichtst, dass heute
463 1158 2281 1279 ehend 63 Uhr mittels (Riegeler Auto das angekaufte Flavier abge-
463 1248 2276 1354 holt wird. Es wäre am besten, Sie würden sich bei der Fahrt be-
470 1321 2283 1418 teiligen, damit bei Ankunft die Türe offen steht. Es lässt sich
468 1411 2364 1539 eben nicht sagen, wann wir von Säckingen zurüttkommen, das richtet
473 1501 1447 1631 sich nach verschiedenen Umständen.
1031 1662 1482 1778 Mit frdl. Gruss
1222 1759 1345 1874 Ihr
1473 404 2179 520 Murg, den 16.Sept. 1925
