2479 3508
1028 389 1447 496 Reisebericht
383 463 2406 543 von der Sängerreise des Männerchor Murg am Samstag d. 30. u. d
386 535 1880 601 tag d. 31. Juli 1938 auf den Pfänder bei Bregenz.
254 667 2464 752 Nach langem sparen in die Reisekasse kam endlichder langersehnte
262 736 992 805 tag heran und bei frohen
1017 733 2343 794 Laune u. herrlichstem Wetter traf sich eine
254 791 995 843 stattliche Zahl wackerer
1020 791 2423 843 Sangesbrüder am Samstag den 30. Juli früh mor-
262 843 2420 901 gens, um mit dem Zug 7 Uhr 11 die Sängerreise nach dem Pfänder an
262 893 2373 948 ten. Mit einem schneidigen Marschlied gings zum Bahnhof, we die
259 934 2423 998 karten verteilt wurden. Bei Einfahrt des Zuges in den Bahnhof
262 989 2398 1047 da was da sein konnte. Einer jedoch, der sich sonst "halber St
254 1042 2417 1097 nennen pflegt, dafür-aber desdo besser mit dem Taktstock umzu
259 1089 2392 1152 steht, hat es yorgezogen, nachzuziehen. So fuhren wir nun glücklic
265 1141 2343 1202 pünktlich um pühr 11 ab, um in Waldshut den Eilzug nach Konstanz
259 1191 2304 1249 benützen. Zu unserer Überraschung und Freudeßtolzierte der erwäl-
262 1238 2359 1298 Nachzügler schon auf dem Bahnsteig in Waldshut herum als wir d
259 1284 2199 1351 kamen. Der Taxi fuhr rascher von Murg nach Waldshut als der Zu
259 1337 2420 1400 War die Fahrt von Waldshut nach Konstanz bei frohem Lied und l
254 1392 2401 1450 Sonnenschein schon vielversprechend, so erhöhte sich die Sti-
259 1442 2326 1497 Genuss der wunderbaren Landschaft mit seinen blauen Fluten
262 1497 2357 1577 schönen Bodensees immer mehr. Nach Ankunft um 9Uhr 40 in Kon
265 1538 2414 1601 stiegen wir den Bodenseedampfer, der um 9Uhr 50 abfuhr und uns
262 1588 2395 1659 spiegelglatte Fläche, begleitet von einer Schar zutraulicher Mö-
240 1634 2293 1703 unserem Endziel Bregenz trug, wo wir um 12 Uhr 15 mittags lan
262 1681 2417 1750 Ein eigenartiges Gefühl durchzog uns, als wir hier ehemaligen
262 1745 2390 1794 chischen Boden betraten. Zugleich aber, herrschte sichtliche
259 1794 2384 1852 allen Gesichtern, als und nun auch hier unsere symbolische H
256 1838 2417 1896 flagge grüsste als wollte sie uns zuwinken:“ Brüder reicht die
262 1885 2450 1949 Bunde." Z0llschranken, Passkontrolle u.s.w. waren verschwund
262 1938 2423 1998 liche Menschen der Ostmark spenden uns reichen Beifall beim
262 1993 2390 2048 deutschen Sängergrusses. Bei der nun folgenden Beratung über d
262 2037 2414 2103 punkt des Aufstieges auf den Pfänder, waren es einige fussfest
259 2092 2384 2139 brüder, die den Pfänder zu Fuss erreichen wollen, andere wieder
265 2131 2417 2197 ten sich, den Aufstieg mit der Pfänder-Schwebebahn zu erleben.
254 2186 2332 2260 nigung hierüber trennte man sich mit dem Gruss:“ Auf Wiedersel-
254 2244 2442 2296 dem Pfänder ! Nun kam die Magenfrage zu ihrem Recht. Die warmer
256 2293 2417 2348 strahlen und die würzige Seeluft taten ihre Wirkung indem sie Mag
251 2335 2412 2398 Kehle angenehm anregten. Ein grosser Biergarten, in welchem sie
256 2392 2417 2456 hand Betrieb abwickelte, lud uns zur Rast ein. Unsere Rucksackk
256 2428 2381 2497 Teller heisse Suppe mit Knödel und zum Schluss ein währschafter s
256 2486 2321 2552 pen Bregenzer-Bier ermutigte uns nun wieder zu allerhand Taten
259 2536 2384 2613 Nach einer kurzen Besichtigung der Stadt entschloss man sich,
259 2580 2365 2654 genzer Strandbad zu besuchen. Auch unser Zapfe, der sich bis
259 2643 2359 2707 jeder Beziehung grössten Rückhalt auferlegte, weil seine Alte von
254 2693 2321 2751 Abreise von Murg ihn ermahnte, er solle sich anständig aufführ
256 2734 2403 2809 der weiten Reise und nicht,wie auch schon, für andere der Löhl
256 2798 2406 2869 schloss sich uns an zum Strandbad. Mit unserem Reisegepäckb
256 2833 2412 2908 gen wir zum ziemlich weit entfernten Strandbad. Als letzter de
256 2883 2307 2966 ne unser Zapfe im Schwisse seines Angesichts. Er schleppte nähmli
