2479 3508
1531 350 1721 427 er
48 384 2285 475 Die Quartiere und die Verpflegung im Pfänder-Hotel"gut und zu mässigem
51 467 2313 535 Pfeise. Wenn auf dem Dohle-Heuboden der Damenbesuch helle Freude berei-
63 523 2256 595 tete, so verhielt sich demgegenüber ein Sangesbruder im Pfänder-Hotel
71 572 2310 646 wesentlich reservierter. Als nähmlich das im angrenzenden Zimmer schlä-
63 626 2250 700 fende Servierfräulein vor Langeweile gerne etwas Unterhaltung wahrend
54 691 2205 757 der langen Nacht gehabt hätte und deshalb an der Scheidewand mehrere
54 728 2273 825 male Klopfzeichen gab, verhielt sich der tugendhafte Sangesbruder vol-
63 782 2327 876 lig passiv und erwiederte diese Klopfzeichen nicht, in dem Gedanke, dass
63 839 2293 927 es evtl. auch auf der Alm eine Sünde geben würde. Die holde Schone Ver-
63 890 2267 1004 stand zwar das Verhalten des Nachbars in jener Nacht nicht, wehalb sie
63 936 2037 1044 letzteren am andern morgen darüber zu Rede gestellt haben soll.
60 993 2236 1092 Nach kurzem Frühbummel bei strahlendem Sonnenschein sammelte man
71 1047 2259 1135 zur Abfahrt mit der Schwebebahn nach Bregenz. Etwa um 10 Uhr vorm-
68 1098 2287 1201 wegte sich die Luftkabine mit der ersten Abteilung talabwärz. War so
71 1155 2285 1252 der Aufstieg mit der Schwebebahn ein einzigartiger Hochgenuss, so
71 1206 2307 1312 der Abstieg zum einzigartigen Erlebnis. Über schwindelnd tiefe Täle
68 1257 2276 1357 Schluchten mit wunderbarem Ausblick auf Bregenz und den Bodensee ro
74 1306 2250 1400 die freischwebende Kabine talabwärz. Unser zapfe verzichtete n
65 1357 2302 1462 bei dieser herrlichen Talfahrt erst recht auf jeden Ausblick,
60 1405 2279 1511 hierzu nicht schwindelfrei genug fühlte. Er sass wieder sinnen
65 1457 2273 1548 Notenkoffer mit dem Blick nach dem Fussboden der Kabine, ab und
68 1519 2324 1622 gend: " Si mr no it bal dunte? " Endlich aber sollte ihm Erlösun
68 1568 2290 1656 denn der unheimliche Kasten war am Ziel. Freudig bewegt über die
74 1610 2270 1710 Luftreise gings der Stadt zu, wo wir uns in einem schattigen B.
65 1664 2293 1767 niederliessen und bald erschallte Lied auf Lied abwechselnd m
71 1713 2293 1818 Humor. Nach kurzer Dauer erschien auch die zweite Abteilung d
71 1767 2265 1858 und gemeinsam gings zum Dampferhafen, von wo aus wir um 11 Uh
71 1818 2333 1915 abdampften nach Lindau. langsam entschwand unsern Blicken B-
71 1866 2233 1957 Pfänder im Hintergrund. Noch einmal huschten bei diesem Anbli
65 1918 2267 2014 Erinnerungen an unseren Gedanken vorüber und wieder begleite
65 1972 2171 2063 auf unserer Heimreise . Nach 25 Minuten Fahrtdauer fuhren wr
68 2014 2259 2100 Hafen von Lindau ein. Hier nahmen wir um 12 Uhr im Gasthausz
65 2071 2262 2162 das Mittagessen ein, das reichlich und gut serviert wurde. Ei
63 2137 2324 2213 schloss den Mittagstisch. Anschliessend unternahmen wir eine
71 2171 2171 2259 besichtigung, auch wurde eine fotografische Gruppenaufnahme
71 2230 2230 2316 prachtvollen Stadtbrunnen gemacht. Nur zu rasch verlief die 2
65 2282 2191 2364 schon mussten wir uns wieder zum Dampferhafen begeben. Ein ge-
63 2322 2182 2424 Menschenstrohm staute sich hier, um mit dem Kursdampfer um 13
54 2370 2290 2469 mit dem auch wir fuhren, nach Konstanz zu fahren. Die Stim
63 2430 2287 2512 esbrüder auf der Dampferfahrt von Lindau nach Konstanz, unt
65 2475 2339 2566 wesentlich von der, der gestrigen Fahrt von Konstanz nachB
65 2521 2282 2609 nähmlich auf der Hinfahrt im Schiffsrestaurant, wo wir uns ni
65 2578 2282 2660 eine ausgelassene, humorvolle Sängerstimmung herrschte und Li-
65 2626 2316 2714 folgte, was uns die Sympatie der gesamten Fahrgäste einbrachte,
51 2686 2341 2765 Stimmung während der Heimfahrt etwas zu wünschen übrig. Wohl far
54 2726 2341 2817 ebenfalls im Schiffsrestaurant zusammen um aus unseren etwas
51 2774 2279 2868 Sängerkehlen das letzte herauszuholen, jedoch machte sich der er-
48 2828 2250 2910 Schlaf, der vergangenen Nacht auf dem Heuboden stark bemerkbar.
51 2879 2276 2970 merksame, stille Beobachter konnte hier Studien und allerhand st
51 2930 2302 3036 bilder machen, wovon auch einige auf der fotografischen Platte fe-
60 2979 2216 3067 ten wurden. Von der Gelegenheit, sich ab und zu auf das Vorderde
46 3024 2270 3144 Schiffes zu begeben, um sich von einer frischen Brise umwehen zu
46 3084 1078 3164 wurde reichlich Gebrauch gemacht.
