2479 3508
142 213 2336 404 BADTSETER SANGErBUNDV
2033 396 2347 461 GEGUADE 1802
150 404 464 467 GEGrUxDET 1802
622 387 1866 464 MTTOLED DEsDEEBNDE
1804 518 2279 578 Grüss Gott mit hellem Klang
128 535 748 589 Vom See bls an des Malnes Strand,
1793 565 2352 617 Heil deutschem Wort und Sangl
131 578 696 636 Eint uns der Töne mächtig Band,
136 617 510 652 Hoch Deutsches Lied,
131 649 472 699 Hoch Badner Landl
1321 628 2049 756 Freiburg, 22. April 1930.
920 982 1776 1119 An den Männerchor,
1692 1086 1924 1231 Wurg
1637 1198 2164 1291 -
982 1345 2363 1498 Nachdem das Ministerium die von Ihnen gestellte
731 1479 2442 1572 Bitte, einem bestimmten lehrer die Erlaubnis zur Uebernahme
739 1566 2281 1675 des Chormeisterpostens bei einem bestimmten Verein zu
742 1654 2363 1798 erteilen, aus dienstlichen Gründen abgelehnt hat, ist es
753 1763 2366 1869 ganz aussichtslos, dass die Leitung des Bad.Sängerbundes
739 1842 2273 1973 nochmals vorstellig wird. Uns würde genau die gleiche
742 1929 2333 2057 Antwort wiedergegeben werden. Ich habe mehrmals persön-
748 2036 2339 2118 liche Rücksprache mit dem Referenten im Ministerium aus
748 2118 2339 2248 Anlass früherer Fälle genommen und es wurde mir auf das
431 2218 2229 2311 bestimmteste erklärt, dass, wenn aus dienstlichen Gründen eine
439 2300 2371 2418 Entscheidung getroffen sei, auf die Wünsche oder Verhältnisse eines
448 2385 2388 2530 Vereins keine Rücksicht genommen werden könne. Man sei gerne bereit,
439 2486 2311 2617 die von uns vorgetragenen Wünsche, wenn irgendmöglich, zu berück-
448 2590 2390 2704 sichtigen und man werde die stets nur sachlich u. wohlwollend behan-
448 2680 2420 2822 deln, aber über allem müsse in erster Linie das dienstliche Interesse
2161 2748 2379 2808 sfelen.
445 2783 2450 2892 der Schulbehörden und somit auch der übergeordneten Stellen massgebend
