2479 3508
1489 135 2280 393 Hänner den 12. Mai 1930
477 441 711 579 Herrn
811 536 1288 706 Karl Burger
1425 643 1619 811 Murg.
724 854 2435 1015 zunächst muß ich um Entschuldigung bitten, daß ich Sie
436 959 2430 1119 mit einer Antwort auf Ihr geschätztes Schreiben vom 3.5. l. Mts. so lange
433 1053 2461 1176 habe warten lassen. Ich war in vergangener Woche sehr in Anspruch genom-
426 1158 2466 1326 men u. die an mich gerichtete Anfrage bedurfte auch einer reiflichen
441 1257 755 1402 Überlegung.
451 1359 2392 1520 Es dürfte Ihnen auch bekannt sein, daß ich schon Chorleiter des
413 1461 2366 1619 hiesigen Männerchores bin. Aus diesem Grunde muß ich Ihnen
421 1568 2407 1724 leider absagen. Es ist mir zuviel, zwei Vereine zu dirigieren. Wenn
416 1668 2461 1818 dann im Winter jeder Chor wöchentlich 2 Proben abhalten wollte, dann
421 1772 2458 1930 wäre für meine persönlichen Bedürfnisse nur noch wenig Zeit übrig. Mit
441 1869 2466 2009 einem Amt übernimmt man auch Verpflichtungen. Ein anderes Hindernis
449 1966 2402 2116 ist die räumliche Entfernung von Hänner u. Murg. Bei gutem Wetter
446 2071 2420 2211 wäre die Sache weiter nicht schlimm da ich ja ein Motorrad besitze.
451 2175 2392 2318 Bei schlechtem Wetter ist die Sache wesentlich anders. Von Hänner
449 2270 2384 2420 nach Murg sind es immerhin 1 1/4 - 1 1/2 Stunden, und die bei Wind
449 2372 1941 2496 u. Wetter zu gehen ist keine angenehme Sache.
472 2481 2433 2624 Es tut mir leid, Ihnen eine absagende Antwort geben zu müssen,
451 2576 2374 2734 aber bei eingehender Prüfung meiner angeführter Gründe werden
451 2670 1392 2818 Sie meine Ablehnung würdigen.
977 2764 1933 2917 Mit vorzüglicher Hochachtung
1693 2871 2229 3019 R. Meier, Hauptl.
