2479 3508
595 524 1867 636 MÄNNERCHOR MURG
582 634 1871 707 ALTER SCHWEIZER-MÄNNERCHOR
1233 835 1905 935 Murg, den 20. Juni 1930.
854 1016 1051 1109 Herrn
1117 1094 1706 1229 E. Kunle Hauptlehrer
1681 1212 2012 1324 Wehr
1003 1395 1720 1517 Sehr geehrter Herr Kunle!
819 1536 2371 1629 Wir verdanken Ihnen Ihren Brief vom 31.5.30 und können
669 1625 2191 1679 leider vorerst zu Ihrem Angebot keine Stellung nehmen.
680 1660 2284 1718 Vor Eingang Ihrer Zeilen mussten wir um keine Verluste zu
676 1712 2340 1799 erleiden zu einer Zwischenlösung greifen, die wir sofort vor
669 1757 1716 1820 Eingang Ihrer Zeilen angezeigt haben.
812 1807 2319 1867 Sofern wir auf weitere Schwierigkeiten stossen werden
669 1861 2019 1936 wir uns erlauben auf Ihre Zeilen zurückzukommen.
1314 1909 2114 1973 Mit vorzüglicher Hochachtung
1225 1938 2054 2031 und treudeutschem Sängergruss
