2479 3508
1712 566 2055 678 28.9.43.
487 599 1798 800 Lieber Alfons - liebe Kameraden!
392 790 2262 961 Nachdem ich von meinem Kurs in Deutschland.
231 945 2352 1089 wieder zurückgefunden habe, will ich Euch für die Geburts-
234 1032 1228 1130 tagskarte herzlich danken.
422 1124 2311 1277 Zurzeit stecke ich voller Arbeit. Es ist daher ausge-
234 1203 2273 1318 schlossen, Euch zum Abschied aus Murg nochmals die
250 1301 2358 1451 Hand zu drücken. Daß ich wegziehe, dürfte Euch ja bekannt
250 1394 2243 1525 sein. Warum u. wieso ist so eindeutig, daß ich Euch
253 1484 2333 1636 keine nähere Erläuterung geben muß. Ich bedaure na-
229 1576 2418 1718 türlich sehr, wie ein Dieb in der Nacht, von Euch zu scheiden.
234 1658 2295 1813 Aber, meine guten Kameraden, es ist Krieg u. damit
248 1756 2268 1854 eine auferordentlich große u. besondere Zeit, da muß
245 1846 2262 1971 man eben alles auf sich nehmen was Zeit u. Menschen
245 1930 732 2064 bestimmen.
425 1990 2358 2124 Ich war gerne bei Euch, das wisst Ihr, u. in Euch habe
248 2104 2388 2262 ich gute Kameraden gefunden. Meine Tätigkeit galt zum
242 2208 2350 2358 Besten des Vereins, u. es ist nur mit Euch gelungen, eine
253 2298 2295 2442 Reihe schöner Erfolgsjahre im Gesangsleben zu kosten.
248 2385 2265 2518 Ich darf dabei an unsere Konzerte u. Veranstaltungen
253 2477 2428 2624 zur Erinnerung nochmals hinweisen; auch an die glücklichen
229 2570 2339 2722 u. humorvollen Singabende. Die gemeinsamen Ausflüge
237 2654 2360 2810 dürfen nicht vergessen werden. Und beim Überblicken jener
231 2752 2230 2908 Zeiten darf es auch einen hartgesottenen Krieger nicht
231 2831 2197 2987 belämmrn, wenn er zugibt, daß dabei eine kleine
226 2932 2404 3085 Wehmut sein Herz erfüllt, denn es heißt nun: Scheiden!
