2479 3508
523 33 1167 187 1925 - 1943
1357 156 2176 263 Murg, den 7. Oktober 1943.
452 374 1039 488 Mein lieber Walter
457 459 2332 571 Deinen Brief vom 28.v.M. habe ich gestern bekommen. Ich werde
457 554 2304 642 ihn heute Abend den Sängern zusammen mit meiner Antwort vor-
462 604 663 689 lesen.
466 644 2346 760 Also ein Abschiedsbrief ist es, den Du uns geschickt hast. Du
471 720 2221 781 wirst nicht mehr nach Murg zurückkehren, sondern nach dem
471 769 2249 836 Kriege anderwo beruflich tätig sein. Den Männerchor trifft
471 819 2185 893 Deine Entscheidung hart und zwar in zweifacher Hinsicht:
561 883 2076 975 1.) Verlieren wir damit einen Dirigenten, dem die
701 945 2133 1016 Vereinsgeschichte uns und späteren Generationen
691 999 1548 1091 das allerbeste Zeugnis gibt.
561 1058 2038 1167 2.) Geht mit Dir ein lieber Kamerad von uns. Wie
694 1127 2010 1193 waren sie doch so schön, all die Abende und
691 1158 2211 1262 Ausflüge, die wir als Männerchor zusammen machten.
483 1224 2306 1319 Die Jahre Deiner Stabführung waren für uns in jeder Hinsicht
490 1295 2360 1366 Zeiten des Erfolges, an die wir mit Stolz zurückdenken dürfen.
488 1352 2289 1420 Hab jedenfalls an dieser Stelle von ganzem Herzen Dank, für
488 1399 2197 1465 die Mühe, die Du als Chorleiter mit uns hattest. Wenn Du
497 1447 2337 1518 künftig räumlich auch nicht mehr bei uns sein kannst, so soll
490 1494 2315 1589 deshalb die Fühlung mit uns, auch während des Krieges, nicht
500 1551 2285 1612 abgebrochen sein. Wir bitten Dich sehr darum, ab und zu ein
495 1603 2327 1676 Lebenszeichnen zu geben. Und sobald dieses grosse Ringen vor-
495 1653 2190 1712 über ist, dann musst Du uns unter allen Unständen einmal
495 1676 2394 1766 besuchen. Ich versichere Dir, Du wirst uns in bester Erinnerung
497 1752 2320 1825 bleiben. Deshalb ist es klar, dass Du uns jederzeit ein gern
500 1804 1103 1889 gesehener Gast bist.
495 1866 2339 1970 Lieber Walter! Der gestrige Tag war für den Männerchor recht
500 1941 2332 2015 schicksalhaft. Abschiednehmen ist ja z.Zt. leider eine Sache,
497 1993 2225 2062 die sich täglich tausendfach wiederholt. Auch wir mussten
502 2046 2278 2124 dies gestern spüren. Der Briefträger brachte mir Deinen Ab-
509 2102 2166 2171 schiedsbrief und 2 Stunden vorher eilte die Kunde durch
500 2138 2299 2218 unser Dorf, dass unser lieber Theodor Enderle nie mehr heim-
500 2192 2214 2266 kehren wird. Er ist am 15.September in Russland gefallen.
507 2237 2280 2304 Ist so etwas nicht hart ? Hart für seine Familie, für seine
509 2296 2154 2353 Frau und seine 2 kleinen Kinder, seine alte Mutter. Mit
502 2341 2195 2405 Theodor verlieren wir Sänger ebenfalls ein grosses Stück
502 2394 2256 2448 Sängerheimat. Er konnte zwar aus beruflichen Gründen schon
500 2443 2242 2505 manche Jahre nicht mehr mitwirken. Ich bin aber überzeugt,
509 2488 2190 2550 dass trotzdem manch ein Sangesbruder - hauptsächlich die
509 2547 1113 2616 Jüngern unter uns -
1134 2543 2280 2597 eine Träne in den Augen steht, wenn er
511 2592 2278 2654 vom Heldentod unseres Theodors erfährt. Mich jedenfalls hat
516 2644 2278 2706 er im innersten meines Herzen getroffen. Der Männerchor hat
507 2692 2280 2742 nun 2 seiner Chorleiter bezw. 2 Kameraden an einem Tag ver-
516 2737 2152 2810 loren; den einen durch Tod und den andern durch Wegzug-
507 2791 2261 2881 Wir aber müssen weiterleben und weiterschaffen. Wir dürfen
509 2858 2185 2926 den Mut nicht verlieren, sondern müssen kämpfen jeder
516 2900 2313 2964 an seinem Platz - für eine bessere Zukunft unseres geliebten
511 2957 876 3033 Vaterlandes.
516 3009 2221 3085 So leb denn wohl lieber Walter. Das Kriegsringen möge für
516 3066 2337 3135 Dich nur Soldatenglück in sich bergen, damit Du gesund in die
511 3135 2311 3182 Heimat zurückkehren kannst und noch viele Jahre zusammen mit
518 3172 2315 3229 Deiner Frau und Deinen Kindern verbringen darfst- Ich grüsse
516 3215 2171 3293 Dich und Deine Familie als Vereinsführer im Namen alles
516 3246 2301 3355 Sangesbrüder, gleichzeitig aber auch persönlich als Kamerad.
1009 3341 1776 3452 Dein Alfons u. Familie
