2479 3508
107 100 801 229 Männergesangverein
280 206 635 337 "Hochfirst"
835 415 1490 539 An den M.G.Männerchor
1037 508 1563 615 Murg /Baden.
1239 173 2173 258 Neustadt/Schw. 3. November 1941.
633 688 2276 808 Zu dort.Schreiben vom 19.September 1941 erwiedern wir
637 790 946 888 folgendes:
639 857 2358 932 Unser Gesangverein der M.G.V.Hochfirst erinnert sich noch
644 921 2349 1028 gerne Ihres Besuches,bei dem wir einige fröhliche Stunden
637 1001 1840 1081 des Gesanges mit Ihnen verleben durften-
637 1074 2289 1157 Beim Abschiede sangen wir zwei Abschiedssprüche - nicht
637 1141 2367 1225 Lieder - ,die von unsern Sänger gedichtet & von Dirigenten
639 1223 2358 1299 componiert wurden. Dies war allerdings schon früher einmal
633 1305 2413 1376 & haben wir heute keine Unterlagen mehr hierfür. Der Verein
637 1370 2344 1445 singt diese Abschiedssprüche bei passenden Gelegenheiten,
630 1445 2415 1521 geprobt werden sie nicht;die einzelen neuen Sänger überneh-
626 1532 2040 1594 men den Text & Singweise von den alten Sängern-
642 1594 1867 1683 Die beiden Texte finden Sie untenstehend-
653 1665 2349 1745 Wir bedauern deshalb mit mehr nicht dienen zu können,weil
639 1745 2280 1818 unser Chormeister auch zum Kriegsdienst einberufen ist.
630 1823 1934 1891 Empfangen Sie treudeutsche Sängergrüsse mit
431 2060 795 2156 Liedertexte:
417 2131 1281 2213 1. " Ihr Brüder eh wir gehn,
571 2196 1359 2295 Lebt wohl auf Wiederseh'n
417 2271 1632 2371 2. " Lebt wohl,lebt wohl auf Wiedrseh'n,
579 2355 1399 2491 lebt wohl aufs Wiedersehn.
566 2491 1578 2626 Beide mit 2 maliger Wiederholung-
1758 1894 2167 1967 Heil Hitler !
1667 1965 2200 2085 Der Vereinsführer
1527 2036 2307 2307 GStall
