2479 3508
172 154 726 281 FRITZ JUNG
210 263 688 354 MALERMEISTER
276 331 630 402 MURG A. RH.
111 384 779 480 Bankkonto: Bezirkssparkasse Murg
326 445 564 539 Fernruf 236.
1120 177 2109 311 Murg a. Rhein (Baden), den 1. Oktober
2177 182 2377 339 1939
1014 331 1800 458 An die Vereinsleitung des
1130 425 1664 546 Männerchor Murg.
443 597 2377 723 Es ist Ihnen jedenfalls bekannt, dass der 11. Oktober d.J. mein
440 698 2428 812 60 ster Geburtstag ist. Da es bis jetzt im Männerchor Murg so üb-
443 784 2420 865 lich war, dass man einem Aktivmitglied zu seinem 60 sten Geburts-
450 857 2400 956 tage eine kleine Aufmerksamkeit erwiess, sei es durch Darbietung
445 936 2445 1032 eines Ständchens oder sonst wie, vermute ich, dass die Vereinsleit-
450 1006 2420 1097 tung auch zu meinem 60 sten Geburtstage das bisher übliche veran-
440 1060 2450 1171 lassen werde. Falls dies letztere von der Vereinsleitung beabsich-
445 1148 2026 1237 tigt sein sollte, möchte ich hierzu folgendes sagen:
443 1216 2364 1312 Ich wünsche, in Anbetracht der ernsten, grossen Zeit in der wir
448 1317 2324 1388 gegenwärtig leben und in der derartige, wirklich nichtssagende
455 1381 2445 1469 Vorkommmisse wie die Wiederholung eines alljährlichen Geburtsages
443 1459 2390 1545 eines Einzelnen, selbst wenn es der 60 ste sein sollte, gänzlich
445 1530 2417 1626 belanglos ist, an meinem diesjährigen Geburtstage keinerlei
448 1593 2316 1697 Aufmerksamkeit für meine Person. Ich bitte die Vereinsleitung,
440 1674 2347 1788 nicht nur von einem Ständchen, sondern auch von jeder sonstigen
440 1755 2142 1849 Ehrung, in was eine solche auch bestehen mag, abzusehen
445 1828 2326 1922 Da ich diesen meinen 60 sten Geburtstag auch in meinem engeren
445 1894 2321 1995 Familienkreise ohne jede Feier begehen werde, möchte ich meine
443 1975 2382 2074 obige Bitte, von jeder Ehrung von seiten des Männerchors absehen
437 2043 1292 2129 zu wollen, nochmals betonen.
435 2119 2433 2213 Falls die Zeitverhältnisse es gestatten sollten, beabsichtige ich
430 2185 2450 2283 meinen 60 sten mit meinem 61 sten Geburtstag zu verbinden und dann
432 2278 2466 2395 unter meinen Sangesbrüdern durch einen gemütlichen Abend zu feiern
1244 2344 1725 2478 Heil - Hitler !
1704 2496 2061 2660 F. Jung
