2479 3508
864 213 1459 340 Blätter:
658 318 1816 443 zwischen Heimat und Front
959 452 1498 569 –--ooo000ooo---
1914 593 2306 708 Anfang April
294 608 510 711 Nr. 11
1089 610 1342 706 Murg
2132 641 2397 756 1940
679 792 1546 921 Gruß aus der Heimat !
316 880 2017 990 Wir grüßen alle unsere wackeren Soldaten unseres weiten
318 955 2125 1043 Vaterlandes und besonders die Söhne unserer engeren Heimat.
328 1022 2098 1089 Wir drücken im Geiste jedem einzelnen warm und dankbar die
309 1074 2098 1148 Hand. Die höchste Ehre, aber auch die heiligste Plicht ist
309 1115 2077 1182 heute und allezeit mit dem Soldatsein verbunden und jetzt
318 1158 2137 1246 ganz besonders, wo es nun gilt, die endgültige Entscheidung
323 1223 2043 1280 um die Eristenz des deutschen Volkes herbeizuführen. Wir
330 1273 2065 1340 sind im Vertrauen auf Euch, liebe Soldaten, des guten Er-
321 1304 2172 1392 folges sicher unter der gottgewollten Leitung unseres großen
328 1371 2134 1438 Führers Adolf Hitler. Das Vaterland schaut und vertraut auf
330 1419 2139 1488 Euch in dem stolzen Bewußtsein, daß jeder opferbereit seine
325 1467 2170 1543 äußerste Pflicht erfüllen wird auf dem Posten, wohin ihn das
330 1519 2170 1589 Vaterland ruft und das Schicksal ihn bestimmt. Wir sind fest
333 1569 2058 1636 überzeugt, wenn die Ereignisse der Jetztzeit mit ehernen
340 1625 2058 1689 Lettern in das Buch der Geschichte übergehen, werden für
333 1660 2113 1747 Eure Taten der großen deutschen Geschichte einen besonders
335 1718 2120 1802 strahlenden Glanz verleihen, auf die unsere Nachkommen ge-
345 1775 1024 1869 wiß stolz sein werden.
335 1818 2036 1938 In Treue um Treue haben wir in Murg am Ostersonntag ein
345 1904 2148 1988 Konzert mit ortseinheimischen Kräften veranstaltet. Der bei
345 1959 2156 2031 vollem Hause im Murgtalsaale eingegangene Betrag wird rest-
345 2003 2237 2084 los unseren lieben Murger Soldaten zugute kommen. Die Absicht,
345 2053 2268 2129 die Sache mit dem üblichen Osterhasen in Verbindung zu bringen,
347 2117 2203 2187 hat sich leider nicht machen lassen. Wir bitten die nachträg-
345 2163 2139 2282 liche Zusendung doch im wohlgemeinten Sinne entgegennehmen
347 2232 670 2316 zu wollen.
342 2261 1802 2409 In deutscher Treue grüßt Euch alle herzlich mit
864 2378 1512 2517 Heil Hitler
347 2500 1567 2653 die auf seine Söhne stolze und dankbare
1129 2593 1869 2727 Gemeindeverwaltung Murg.
359 2787 2089 2926 zum Geleite (Fortsetzung von Nr. 10) von August Tröndle.
368 2878 2170 2995 Unser Kriegsziel, der völkischen Notwendigkeit entsprungen,
371 2955 2148 3046 gibt jedem deutschen Menschen, ob an der Front oder in der
371 3000 2177 3091 Heimat, eine ruhige Entschlossenheit, die in großen selbst-
366 3072 1180 3180 losen Opfern sich bewährt.
