2479 3508
373 218 953 330 Alfons Zimmermann,
487 311 792 412 Rhina/Bd.
1442 245 2257 383 Rhina, den 11. Januar 1940.
725 487 914 601 Herrn
730 570 1198 655 Eduard Asal
738 601 1878 740 stellvertr. Vereinsführer d.Männerchors
732 703 1040 798 Murg.
734 897 1200 999 Lieber Eduard !
740 968 2321 1080 Wenn ich mich recht erinnere, habe ich Dir am letzten
740 1049 2294 1121 Samstag meinen Brief an Sangesbruder Jung und dessen
740 1082 2325 1175 Antwort gezeigt. Ich glaubte damit das Vorkommnis von
742 1140 2344 1233 Neujahr erledigt. Dem ist aber nicht so. Gestern wurde
746 1204 2332 1273 ich erneut mit einem Schreiben von Jung und zwar dies-
738 1243 2338 1337 mal mit einem vierseitigen beglückt. Ich lege Dir das-
742 1293 2207 1374 selbe hier bei und bitte Dich den Inhalt genau zu
746 1335 2300 1430 studieren, so wie ich es auch tun musste, um mit den
744 1372 2340 1482 rechtsanwaltlichen Gedankengängen mitzukommen. Voraus-
740 1434 2234 1513 sichtlich werde ich Dich am nächsten Samstag gegen
756 1476 2292 1569 1/2 8 Uhr abends in Deiner Wohnung besuchen. Ich wäre
744 1532 2176 1617 Dir zu Dank verpflichtet, wenn Du mir dann sagen
750 1571 2346 1664 würdest, was ich Deiner Meinung nach in der Angelegen-
740 1619 2390 1716 heit tun soll. Meine Einladung zum Bierabend auf kommen-
746 1683 2315 1768 den Samstag wirst Du bekommen haben. Trotz allem wird
744 1720 2381 1813 der Abend selbstverständlich durchgeführt, auch auf die
750 1784 2412 1865 Gefahr hin, dass der erste Tenor Jung nicht anwesend ist
744 1828 2286 1913 Der Freitrunk kam absolut nicht bettelhaft zustande.
740 1882 2236 1954 Herr Bürgermeister hat mir von seiner Absicht, dem
738 1907 2379 2019 Männerchor 1 Fass Bier zu stiften, schon 8 Tage vor der
742 1973 2327 2060 Generalversammlung Andeutungen gemacht, ohne dass ich
740 2041 2300 2143 ihn besonders bearbeitet hätte. Ich habe dafür meine
744 2104 966 2191 Zeugen.
738 2112 2176 2236 Zu unserem Bierabend selbst möchte ich zu Deiner
742 2209 2321 2303 persönlichen Information bemerken, dass es mir lieber
752 2249 2390 2344 gewesen wäre, wenn derselbe in einer anderen Wirtschaft
746 2300 2332 2383 durchgeführt worden wäre, nachdem wir nun schon 2 mal
740 2336 2404 2427 hintereinander, im Hirschen gewesen sind. Herr Grass aber
744 2400 2392 2479 wollte in den Hirschen. Nach Sachlage durfte ich ihn zu
740 2462 2151 2557 irgend einer andern Gaststätte nicht umstimmen.
732 2528 1243 2630 Herzliche Grüsse
1588 2586 1747 2680 Dein
730 3032 970 3138 Anlage.
