2479 3508
1246 240 2072 400 Murg, den 25. April 1941.
645 690 814 831 Frau
655 812 1275 939 Friedrich Laule Ww.
649 895 823 1013 Murg.
649 1063 1277 1204 Geehrte Frau Laule !
651 1185 2313 1337 Sie haben uns gestern 1 Fass Freibier zukommen lassen.
651 1275 2294 1397 Durch den Sangesbruder Paul Malzacher liess ich Ihnen
657 1360 2290 1469 bereits mündlich Dank sagen. Ich möchte dies auch auf
657 1440 2288 1581 diesem Wege tun. Sie dürfen aber versichert sein, wir
657 1517 2197 1639 haben einen Freitrunk bestimmt nicht erwartet. Ihr
655 1577 2278 1689 verstorbener Mann unterstützte uns während 43 Jahren.
655 1650 2321 1784 Gewiss eine lange Zeit. Er hat also die ihm auf seinem
651 1735 2222 1878 letzten Weg zur Ruhestätte erwiesene Ehrung seitens
651 1799 1633 1944 unseres Chors mehr wie verdient.
1426 1917 1845 2102 Heil Hitler !
1331 2070 1936 2216 Der Vereinsführer:
