2479 3508
328 1006 1771 1145 Herrn Otto Gruber, Färberei, Kempten (Allgäu).
1018 1130 2010 1245 Laufenburg/Baden, den 19.2.1940.
463 1208 2038 1302 Ihre Adresse verdanke ich Frl. Lotto Gerteiser, Murg.
465 1273 1926 1365 Ich hätte 2 Kleider und Stoff zu einem Kleid zu
461 1330 1828 1426 färben, ausserdem evtl. Plissee-Arbeiten für
459 1365 1087 1434 1 Kleid auszuführen.
457 1394 1981 1493 Der heutigen Verhältnisse wegen möchte ich zuerst
461 1475 2034 1571 anfragen, ob ich Ihnen die Sachen einschicken kann.
453 1506 1949 1634 Bitte, geben Sie mir möglichst umgehend Antwort.
449 1561 1022 1677 Besten Dank dafür.
1181 1630 1795 1751 Mit Deutschem Gruss
363 1926 1147 2048 Frau Elisabeth Zimmermann
512 2014 1222 2099 Laufenburg-Rhina/Baden.
