<?xml version="1.0" encoding="UTF-8" standalone="yes"?>
<PcGts xmlns="http://schema.primaresearch.org/PAGE/gts/pagecontent/2013-07-15" xmlns:xsi="http://www.w3.org/2001/XMLSchema-instance" xsi:schemaLocation="http://schema.primaresearch.org/PAGE/gts/pagecontent/2013-07-15 http://schema.primaresearch.org/PAGE/gts/pagecontent/2013-07-15/pagecontent.xsd">
    <Metadata>
        <Creator>prov=READ-COOP:name=PyLaia@TranskribusPlatform:version=2.24.0:model_id=287793:lm=none:date=01_03_2025_16:06</Creator>
        <Created>2025-01-22T17:02:17.196+01:00</Created>
        <LastChange>2025-03-16T15:58:56.045+01:00</LastChange>
    </Metadata>
    <Page imageFilename="0002_p003.jpg" imageWidth="2479" imageHeight="3508">
        <ReadingOrder>
            <OrderedGroup id="ro_1744120315530" caption="Regions reading order">
                <RegionRefIndexed index="0" regionRef="r_2"/>
                <RegionRefIndexed index="1" regionRef="r"/>
                <RegionRefIndexed index="2" regionRef="r_1466"/>
                <RegionRefIndexed index="4" regionRef="r_1491"/>
            </OrderedGroup>
        </ReadingOrder>
        <TextRegion id="r_2" custom="readingOrder {index:0;}">
            <Coords points="221,338 1308,338 1308,437 221,437"/>
            <TextLine id="l_54" custom="readingOrder {index:0;} organization {offset:23; length:5;}">
                <Coords points="297,453 1194,459 1194,403 1126,373 297,379"/>
                <Baseline points="309,430 1200,432"/>
                <TextEquiv>
                    <Unicode>1.) Zusammentritte des Chors:</Unicode>
                </TextEquiv>
            </TextLine>
            <TextEquiv>
                <Unicode></Unicode>
            </TextEquiv>
        </TextRegion>
        <TextRegion id="r" custom="readingOrder {index:1;}">
            <Coords points="726,156 1869,156 1869,306 726,306"/>
            <TextLine id="l" custom="readingOrder {index:0;} event {offset:12; length:20; when:01.01.1943;} date {offset:28; length:4; when:01.01.1943;}">
                <Coords points="778,258 1796,282 1796,227 1737,201 778,206"/>
                <Baseline points="789,267 1802,275"/>
                <TextEquiv>
                    <Unicode>Kurzbericht Neujahrstreffen 1943.</Unicode>
                </TextEquiv>
            </TextLine>
            <TextEquiv>
                <Unicode></Unicode>
            </TextEquiv>
        </TextRegion>
        <TextRegion id="r_1466" custom="readingOrder {index:2;}">
            <Coords points="768,946 2313,946 2313,1315 768,1315"/>
            <TextLine id="l_542" custom="readingOrder {index:0;}">
                <Coords points="769,990 2242,1018 2242,955 1789,927 1625,960 1107,905 769,940"/>
                <Baseline points="781,985 2248,1011"/>
                <TextEquiv>
                    <Unicode>Bei den beiden erstgenannten Beerdigungen wurden</Unicode>
                </TextEquiv>
            </TextLine>
            <TextLine id="l_570" custom="readingOrder {index:1;}">
                <Coords points="780,1048 1521,1051 1735,1094 1815,1055 1943,1092 2210,1061 2210,1014 778,988"/>
                <Baseline points="791,1035 2214,1058"/>
                <TextEquiv>
                    <Unicode>vom Chor noch die üblichen Lieder am Trauerhaus</Unicode>
                </TextEquiv>
            </TextLine>
            <TextLine id="l_598" custom="readingOrder {index:2;}">
                <Coords points="782,1090 871,1105 914,1087 975,1111 1003,1094 1048,1111 1176,1098 1235,1118 1256,1098 1339,1100 1339,1070 1300,1048 1157,1044 1055,1068 1012,1040 782,1051"/>
                <Baseline points="794,1087 1344,1095"/>
                <TextEquiv>
                    <Unicode>und Grab gesungen.</Unicode>
                </TextEquiv>
            </TextLine>
            <TextLine id="l_626" custom="readingOrder {index:3;} person {offset:9; length:12;}">
                <Coords points="778,1168 2166,1187 2166,1133 2088,1122 778,1124"/>
                <Baseline points="789,1161 2172,1187"/>
                <TextEquiv>
                    <Unicode>Im Falle Döbele Adolf Unterstützung durch den</Unicode>
                </TextEquiv>
            </TextLine>
            <TextLine id="l_657" custom="readingOrder {index:4;} organization {offset:0; length:29;} person {offset:31; length:5;} person {offset:38; length:7;}">
                <Coords points="773,1209 2210,1246 2175,1189 773,1170"/>
                <Baseline points="786,1208 1669,1223 2214,1237"/>
                <TextEquiv>
                    <Unicode>Männergesangverein Laufenburg (Keser, Eichern,</Unicode>
                </TextEquiv>
            </TextLine>
            <TextLine id="l_685" custom="readingOrder {index:5;} person {offset:0; length:4;}">
                <Coords points="778,1295 802,1302 830,1280 849,1285 871,1263 910,1265 947,1282 994,1269 1009,1282 1038,1274 1038,1215 1016,1213 970,1239 947,1237 923,1215 886,1213 862,1224 832,1213 778,1217"/>
                <Baseline points="789,1260 1043,1265"/>
                <TextEquiv>
                    <Unicode>Kerh)</Unicode>
                </TextEquiv>
            </TextLine>
            <TextEquiv>
                <Unicode></Unicode>
            </TextEquiv>
        </TextRegion>
        <TextRegion id="r_1491" custom="readingOrder {index:4;}">
            <Coords points="284,1294 2450,1294 2450,3264 284,3264"/>
            <TextLine id="l_716" custom="readingOrder {index:0;} date {offset:23; length:8; when:31.12.1942;}">
                <Coords points="295,1393 435,1436 1174,1458 1280,1443 1278,1371 292,1332"/>
                <Baseline points="307,1396 988,1423 1284,1415"/>
                <TextEquiv>
                    <Unicode>2.) Mitgliederstand am 31.12.42:</Unicode>
                </TextEquiv>
            </TextLine>
            <TextLine id="l_744" custom="readingOrder {index:1;}">
                <Coords points="492,1477 563,1497 589,1480 732,1497 789,1484 849,1508 925,1497 964,1514 999,1497 996,1443 916,1467 830,1428 760,1449 708,1423 648,1441 609,1423 537,1430 490,1458"/>
                <Baseline points="503,1472 1001,1493"/>
                <TextEquiv>
                    <Unicode>Aktive:</Unicode>
                </TextEquiv>
            </TextLine>
            <TextLine id="l_784" custom="readingOrder {index:2;} organization {offset:29; length:9;}">
                <Coords points="533,1562 2049,1612 2034,1501 1917,1529 1859,1495 1802,1534 1014,1490 769,1516 633,1477 533,1506"/>
                <Baseline points="545,1561 922,1564 1761,1580 1962,1580 2054,1582"/>
                <TextEquiv>
                    <Unicode>40 Mann, davon z.Zt. bei der Wehrmacht 16 Mann</Unicode>
                </TextEquiv>
            </TextLine>
            <TextLine id="l_868" custom="readingOrder {index:3;}">
                <Coords points="931,1607 1090,1644 2019,1642 1997,1579 1926,1607 931,1564"/>
                <Baseline points="943,1603 2025,1624"/>
                <TextEquiv>
                    <Unicode>und dienstverpflichtet  1 "</Unicode>
                </TextEquiv>
            </TextLine>
            <TextLine id="l_812" custom="readingOrder {index:4;}">
                <Coords points="2032,1666 2049,1683 2080,1683 2101,1696 2415,1339 2405,1328 2381,1326 2379,1308 2359,1295"/>
                <Baseline points="2046,1666 2384,1368"/>
                <TextEquiv>
                    <Unicode>Adressenfest-</Unicode>
                </TextEquiv>
            </TextLine>
            <TextLine id="l_840" custom="readingOrder {index:5;}">
                <Coords points="2129,1675 2147,1690 2173,1698 2379,1471 2366,1462 2361,1432 2355,1428"/>
                <Baseline points="2138,1685 2353,1491"/>
                <TextEquiv>
                    <Unicode>haltung</Unicode>
                </TextEquiv>
            </TextLine>
            <TextLine id="l_903" custom="readingOrder {index:6;}">
                <Coords points="529,1714 2047,1763 2166,1739 2164,1672 1373,1636 1274,1675 1012,1629 734,1683 646,1623 526,1631"/>
                <Baseline points="540,1695 820,1700 906,1708 2172,1740"/>
                <TextEquiv>
                    <Unicode>23 " Rest, die für die Singstunden zur Verfügung</Unicode>
                </TextEquiv>
            </TextLine>
            <TextLine id="l_931" custom="readingOrder {index:7;}">
                <Coords points="923,1755 992,1772 1007,1759 1098,1772 1196,1761 1287,1802 1339,1768 1337,1720 1139,1724 1033,1709 923,1733"/>
                <Baseline points="935,1747 1344,1771"/>
                <TextEquiv>
                    <Unicode>stehen müssen</Unicode>
                </TextEquiv>
            </TextLine>
            <TextLine id="l_959" custom="readingOrder {index:8;}">
                <Coords points="509,1863 760,1843 897,1874 951,1841 1016,1865 1014,1807 897,1809 780,1774 708,1802 613,1774 574,1802 507,1770"/>
                <Baseline points="521,1852 1022,1855"/>
                <TextEquiv>
                    <Unicode>Passive:</Unicode>
                </TextEquiv>
            </TextLine>
            <TextLine id="l_987" custom="readingOrder {index:9;} organization {offset:29; length:9;}">
                <Coords points="550,1928 2021,1976 2051,1887 1876,1863 1796,1915 1588,1865 851,1889 607,1848 548,1889"/>
                <Baseline points="563,1926 2059,1954"/>
                <TextEquiv>
                    <Unicode>60 Mann, davon z.Zt. bei der Wehrmacht 9 Mann</Unicode>
                </TextEquiv>
            </TextLine>
            <TextLine id="l_1015" custom="readingOrder {index:10;} date {offset:8; length:4; when:1942;}">
                <Coords points="498,2041 544,2051 587,2019 691,2049 869,2023 1181,2043 1178,1973 1135,1956 1027,1969 970,2008 693,1945 496,1980"/>
                <Baseline points="511,2015 1187,2030"/>
                <TextEquiv>
                    <Unicode>Zugänge 1942:</Unicode>
                </TextEquiv>
            </TextLine>
            <TextLine id="l_1085" custom="readingOrder {index:11;} person {offset:0; length:13;} person {offset:20; length:13;}">
                <Coords points="661,2084 2400,2121 2398,2056 1950,2034 1908,1993 1642,2056 1516,2012 1350,2049 1308,2010 661,2051"/>
                <Baseline points="673,2080 888,2083 1226,2083 1624,2083 1755,2101 1889,2099 2130,2101 2363,2109 2405,2119"/>
                <TextEquiv>
                    <Unicode>Emil Wiedler, passiv Weber Gustav aktiv,</Unicode>
                </TextEquiv>
            </TextLine>
            <TextLine id="l_1113" custom="readingOrder {index:12;} person {offset:0; length:16;}">
                <Coords points="741,2129 1376,2129 1423,2155 1503,2134 1482,2097 1367,2114 1308,2082 1207,2103 1181,2082 741,2095"/>
                <Baseline points="752,2125 1509,2133"/>
                <TextEquiv>
                    <Unicode>Otto Baumgärtner "</Unicode>
                </TextEquiv>
            </TextLine>
            <TextLine id="l_1141" custom="readingOrder {index:13;} date {offset:8; length:4; when:1942;}">
                <Coords points="498,2162 665,2181 698,2164 719,2184 756,2164 851,2194 884,2166 1031,2188 1170,2175 1168,2134 979,2125 934,2149 895,2125 663,2125 624,2090 544,2114 498,2097"/>
                <Baseline points="511,2161 1174,2172"/>
                <TextEquiv>
                    <Unicode>Abgänge 1942:</Unicode>
                </TextEquiv>
            </TextLine>
            <TextLine id="l_1169" custom="readingOrder {index:14;}">
                <Coords points="617,2238 674,2266 724,2240 977,2268 1038,2242 1482,2275 1480,2190 1302,2227 1122,2184 1081,2225 687,2177 615,2205"/>
                <Baseline points="629,2237 1488,2250"/>
                <TextEquiv>
                    <Unicode>a) Austritte Aktive keine</Unicode>
                </TextEquiv>
            </TextLine>
            <TextLine id="l_1197" custom="readingOrder {index:15;}">
                <Coords points="1072,2320 1118,2324 1148,2303 1174,2303 1269,2331 1291,2311 1326,2311 1356,2294 1419,2298 1419,2257 1380,2255 1358,2277 1313,2281 1287,2257 1074,2253"/>
                <Baseline points="1087,2303 1423,2292"/>
                <TextEquiv>
                    <Unicode>Passive "</Unicode>
                </TextEquiv>
            </TextLine>
            <TextLine id="l_1225" custom="readingOrder {index:16;}">
                <Coords points="613,2394 1371,2428 1588,2385 1447,2337 611,2333"/>
                <Baseline points="624,2387 1593,2408"/>
                <TextEquiv>
                    <Unicode>b) Für immer von uns gegangen:</Unicode>
                </TextEquiv>
            </TextLine>
            <TextLine id="l_1253" custom="readingOrder {index:17;} place {offset:25; length:9;}">
                <Coords points="795,2467 1924,2504 1919,2426 793,2420"/>
                <Baseline points="807,2457 1926,2494"/>
                <TextEquiv>
                    <Unicode>Durch den Heldentod fürs Vaterland:</Unicode>
                </TextEquiv>
            </TextLine>
            <TextLine id="l_1281" custom="readingOrder {index:18;} date {offset:3; length:8; when:30.12.1941;} place {offset:15; length:8;}">
                <Coords points="858,2515 1538,2541 1612,2532 1614,2506 1449,2476 1254,2474 1224,2496 1178,2472 856,2476"/>
                <Baseline points="870,2510 1619,2528"/>
                <TextEquiv>
                    <Unicode>am 30.12.41 in Russland</Unicode>
                </TextEquiv>
            </TextLine>
            <TextLine id="l_1309" custom="readingOrder {index:19;} person {offset:13; length:10;}">
                <Coords points="905,2567 1046,2593 1083,2571 1638,2597 1636,2543 1573,2528 962,2517 905,2545"/>
                <Baseline points="917,2565 1640,2581"/>
                <TextEquiv>
                    <Unicode>Sangesbruder Max Döbele</Unicode>
                </TextEquiv>
            </TextLine>
            <TextLine id="l_1337" custom="readingOrder {index:20;} date {offset:2; length:13; when:02.1942;} place {offset:19; length:8;}">
                <Coords points="860,2651 1701,2677 1698,2580 1672,2567 1523,2615 1204,2576 1120,2608 1029,2578 860,2595"/>
                <Baseline points="872,2641 1706,2657"/>
                <TextEquiv>
                    <Unicode>im Februar 1942 in Russland</Unicode>
                </TextEquiv>
            </TextLine>
            <TextLine id="l_1365" custom="readingOrder {index:21;} person {offset:13; length:10;}">
                <Coords points="918,2706 1248,2716 1317,2695 1633,2721 1618,2660 918,2649"/>
                <Baseline points="930,2685 1635,2706"/>
                <TextEquiv>
                    <Unicode>Sangesbruder Emil Huber</Unicode>
                </TextEquiv>
            </TextLine>
            <TextLine id="l_1393" custom="readingOrder {index:22;}">
                <Coords points="1003,2771 2379,2810 2376,2747 2335,2738 1001,2723"/>
                <Baseline points="1014,2761 2379,2798"/>
                <TextEquiv>
                    <Unicode>Der beiden Kammeraden wurde in der Singstunde</Unicode>
                </TextEquiv>
            </TextLine>
            <TextLine id="l_1421" custom="readingOrder {index:23;} date {offset:3; length:8; when:05.03.1942;}">
                <Coords points="1007,2812 2275,2855 2275,2807 2106,2794 1007,2777"/>
                <Baseline points="1019,2811 2279,2853"/>
                <TextEquiv>
                    <Unicode>am 5.3.1942 mit schlichten Worten XXX vom</Unicode>
                </TextEquiv>
            </TextLine>
            <TextLine id="l_1449" custom="readingOrder {index:24;} person {offset:0; length:13;}">
                <Coords points="1009,2870 2288,2901 2270,2851 1009,2816"/>
                <Baseline points="1022,2869 2292,2898"/>
                <TextEquiv>
                    <Unicode>Vereinsführer ein Gedenken gewindmet. Dann</Unicode>
                </TextEquiv>
            </TextLine>
            <TextLine id="l_1477" custom="readingOrder {index:25;}">
                <Coords points="996,2922 2108,2970 2231,2948 2231,2898 994,2875"/>
                <Baseline points="1009,2913 2237,2950"/>
                <TextEquiv>
                    <Unicode>Sang der Chor: "Ich hat einen Kameraden!</Unicode>
                </TextEquiv>
            </TextLine>
            <TextLine id="l_1505" custom="readingOrder {index:26;}">
                <Coords points="786,3013 1781,3009 1778,2946 784,2927"/>
                <Baseline points="796,2984 1784,3008"/>
                <TextEquiv>
                    <Unicode>Eines natürlichen Todes starben:</Unicode>
                </TextEquiv>
            </TextLine>
            <TextLine id="l_1536" custom="readingOrder {index:27;} date {offset:3; length:9; when:04.04.1942;} person {offset:13; length:12;} date {offset:37; length:4; when:1907;}">
                <Coords points="858,3037 1146,3044 1222,3089 1267,3046 2175,3072 2199,2998 856,3005"/>
                <Baseline points="870,3036 1732,3055 2206,3065"/>
                <TextEquiv>
                    <Unicode>am 4. 4.1942 Döbele Adolf aktiv seit 1907</Unicode>
                </TextEquiv>
            </TextLine>
            <TextLine id="l_1567" custom="readingOrder {index:28;} date {offset:2; length:6; when:26.03.1942;} person {offset:8; length:13;}">
                <Coords points="884,3085 1022,3091 1094,3145 1183,3113 1462,3152 1508,3104 1640,3104 2127,3163 2194,3124 2368,3154 2366,3074 2251,3046 1978,3100 1915,3059 1321,3046 1252,3085 882,3048"/>
                <Baseline points="896,3084 1148,3097 2368,3123"/>
                <TextEquiv>
                    <Unicode>" 26.3." Eckard Ernst passiv " 13 Jahren</Unicode>
                </TextEquiv>
            </TextLine>
            <TextLine id="l_1602" custom="readingOrder {index:29;} date {offset:2; length:8; when:18.09.1942;} person {offset:10; length:17;}">
                <Coords points="858,3141 1564,3187 2049,3167 2136,3204 2272,3187 2277,3143 1389,3100 1237,3139 918,3080 856,3115"/>
                <Baseline points="870,3131 1098,3149 1239,3154 2282,3170"/>
                <TextEquiv>
                    <Unicode>" 18.9. " Döbele Ernst Fr. " " 20 "</Unicode>
                </TextEquiv>
            </TextLine>
            <TextEquiv>
                <Unicode></Unicode>
            </TextEquiv>
        </TextRegion>
    </Page>
</PcGts>