2479 3508
1225 183 2272 302 Murg/Baden, den 19.September 1941.
603 541 821 671 An den
594 675 1210 797 Männer-Gesangverein
605 768 1249 872 Neustadt/Schwarzwald.
603 936 2252 1053 Im Sommer 1939 nahm unser Verein auf einer Sängerreise
607 1029 2227 1088 in Ihrem Städtchen einen kurzen Aufenthalt! Es war an
616 1068 2313 1155 jenem Sonntag gerade Liedertag und Sie trugen aus diesem
614 1130 2219 1190 Anlass vor dem Rathaus einige Lieder vor. Dabei kamen
614 1146 2338 1267 wir mit Ihnen erfreulicherweise in Berührung. Bei unserem
614 1227 2245 1298 Abschied sangen Sie dann an unserem Auto ein Lied, das
620 1254 2313 1340 uns allen recht gut gefiel. Es war darin vom Wiedersehen
614 1331 2313 1384 diesg Rede. Ganz besonders hatte unser Ehrenvorsitzender
616 1366 2340 1441 daran gefallen und er möchte das betreffende Lied unserem
620 1428 2254 1519 Chor deshalb gerne stiften. Leider kennen wir aber den
616 1479 987 1561 Titel nicht.
620 1523 2225 1607 Vielleicht können Sie noch herausbringen, was für ein
623 1581 2305 1660 Schlusslied Sie uns damals gesungen haben. Gerne erwarte
623 1618 2397 1715 ich Ihren Bescheid, für den ich zum Voraus danke. Rückporto
627 1702 1022 1788 füge ich bei.
616 1726 2192 1839 Sollten wir seinerzeit am dortigen Rathaus nicht mit
620 1821 2212 1890 Ihnen zusammengetroffen sein, sondern mit einem evtl.
620 1863 2208 1938 bestehenden zweiten Männerchor, dann darf ich bitten,
620 1918 2185 1996 meinen Brief zur Erledigung an diesen weiterzugeben.
607 1985 1645 2095 Mit freundlichen Sängergrüssen und
1360 2091 1751 2232 Heil Hitler !
1291 2214 1854 2329 Der Vereinsführer:
1521 2417 1887 2525 (Zimmermann)
389 3115 583 3256 Porto
