2479 3508
1272 274 2276 385 Murg/Baden, den 27. Oktober 1941.
606 590 785 688 Herrn
600 705 899 824 Prokurist
975 699 1420 822 Mutter,
598 818 878 952 Schachen
602 936 994 1047 Amt Waldshut
602 1062 1470 1204 Lieber Sangesbruder Mutter !
612 1185 2113 1286 Schon beim Öffnen dieses Briefes konnten Sie sich
608 1272 2168 1344 gewiss denken, welchem Zweck er dient. Deshalb will
606 1330 2170 1426 ich auch gleich, wie man so sagt, mit der Türe in's
606 1373 987 1468 Haus fallen.
604 1412 2049 1525 Würden Sie so gut sein und uns wieder 40 Pakete
604 1501 2078 1567 Stumpen zu Weihnachten über die Firma Schlageter
604 1556 2086 1618 in Murg zukommen lassen. Ich wäre Ihnen wirklich
604 1587 2257 1684 dankbar dafür. Es ist so schwer den im Felde stehenden
604 1655 2076 1713 Sängern ein Christkindchen zu schicken, weil man
600 1680 2168 1775 nicht weis, mit was man die Feldpostpäckchen füllen
606 1750 2156 1830 soll. Und doch haben es unsere Sängerkameraden wirk-
604 1793 2164 1863 lich verdient, dass man sich gerade zum Weihnachts-
598 1851 2195 1952 fest ihrer besonders aufmerksam erinnert. Sie nehmen
598 1905 2041 1968 mir daher eine grosse Sorge ab, wenn Sie meiner
604 1946 2135 2022 Bitte entsprechen. Ich bin überzeugt, man wird sie
606 1997 2109 2069 von gar manch anderer Seite in der gleichen Sache
598 2030 2195 2156 angehen. Deshalb trage ich schon heute meinen Wunsch
602 2092 730 2164 vor.
594 2135 1292 2263 Mit Sängergrüssen, und
1443 2241 1851 2370 Heil Hitler !
1321 2348 1913 2509 Der Vereinsführer:
1573 2558 1952 2669 (Zimmermann)
