2479 3508
76 54 2468 166 jedoch vorausschicken, dass ich mit diesem Punkt nicht beabsichtige, etwa Ihnen
63 130 2317 218 einen Vorwurf deshalb zu machen, oder gar Ihre diesbezügliche Kompetenz in
69 178 2447 251 Zweifel, zu ziehen. Sie erinnern sich, dass wir die Festlegung dieses Neujahrs-
66 239 2411 317 abends im engeren Sängerkreise definitiv beschlossen haben. Hierbei wurde be-
60 284 2354 350 merkt, dass die zu ergehende Einladung hierzu, den anwesenden Sängern nicht
54 317 2411 402 mehr zuginge um dem Vereinsdiener Arbeit zu ersparen. An eine Besprechung, ob
48 387 2408 447 Damen einzuladen sind, kann ich mich nicht erinnern. Erst am Abend selbst kam
60 450 2378 502 mir die Einladung zu Gesicht, in welcher zwei mal gebeten wird, Damen mitzu-
60 483 2423 556 bringen. Gerade weil dies letztere, wie oben erwähnt, immer ein heigler Punkt
63 544 2348 610 ist, konnte die Erwähnung desselben an jenem festlegenden abend m.E. nicht
63 577 2320 650 überflüssig sein. Selbstverständlich hätte ich mich, bei der Erwähnung des
54 628 2462 698 Punktes der Mehrzahl der Anwesenden angeschlossen und wäre damit auch der zwei-
69 680 2402 743 te Grund meines Wegganges an jenem Abend weggefallen. Auf Grund der Einladung
57 731 2411 804 konnte natürlich den Sängern kein Vorwurf gemacht werden, die ihre Damen auch
54 779 2408 849 wie erbeten, mitbrachten. Hätte z.B. ich die Einladung vor diesem Abend gese-
54 837 2378 900 hen, hätte ich nicht nötig gehabt aus dem Lokal wegzugehen, de denn ich wäre
63 885 2378 952 dann gar nicht gekommen und hätte mir in diesem Falle hoffentlich ein Recht-
66 928 2411 1003 fertigungsschreiben erspart, denn es ist mir nicht bekannt, ob die, an diesem
51 982 2320 1051 Abend durch Abwesenheit geglänzten Sänger auch ein Schreiben erhielten, in
54 1024 2429 1103 welchem sie gebeten wurden, sich über " ihr Verhalten" zu rechtfertigen. Oder
60 1085 2344 1142 erachtet die Vereinsleitung nur " mein Verhalten " als Indisziblin, während
63 1133 2375 1205 die Nichtbeachtung einer Einladung zu einem festbeschlossenem Vereinsanlass,
63 1169 2411 1245 (weil bei einigen Sängern fast immer üblich) nicht als Indisziplin betrachtet
63 1233 2293 1332 werden kann ? Wegen der Art meines Weggehens an jenem Abend aus den Lokal
54 1278 1985 1341 habe ich in meinem Schreiben v. 6.1. um Entschuldigung gebeten.
54 1314 2408 1402 Und nun einiges über Vereinsdisziplin. Gerade Ihre Anspielung auf die Sänger-
60 1375 2218 1435 disziplin in Ihrem Schreiben v. 4.1.40 ist mir besonders nahe gegangen.
60 1405 2402 1489 Seit meinem 14. Lebensjahre, also seit über 46 Jahren und von diesen seit na-
48 1477 2378 1541 hezu 33 Jahren im Männerchor Murg, diene ich dem deutschen Liede. Aber nicht
51 1523 2426 1586 allein der Unterhaltung oder dem Vergnügen wegen, sondern aus angeborener Lie-
57 1580 2405 1641 be zum deutschen Männergesang. Diese Liebe ist bei mir, das kann ich wohl sa-
57 1622 2381 1692 gen, so in Fleisch u. Blut übergegangen, dass das singen zu meinem Lebensbe-
54 1677 2348 1734 dürfnis wurde. Auch habe ich als alter Soldat im Frieden sowohl als auch im
51 1695 2438 1798 Kriege gelernt, was Disziplin und Unterordnung ist. Auch der Begriff Disziplin
51 1773 2323 1843 ist bei mir in Fleisch u. Blut übergegangen, so dass ich es kaum für nötig
51 1828 2344 1885 finde, mir diesen Begriff von anderer Seite näher erleutern zu lassen. Dass
57 1876 2341 1940 jedoch im Männerchor Murg die Notwendigkeit vorliegt, immer u. immer wieder
48 1931 2405 1982 und seit vielen Jahren an die Vereinsdisziplin zu erinnern, ist eine traurige
48 1976 2432 2033 Wahrheit. Schon sehr oft in den vielen Jahren meiner Mitgliedschaft im Männer-
54 2030 2438 2097 chor Murg, musste ich wegen der Disziplinlosigkeit anderer, die ihr Erscheinen
45 2079 2348 2133 nicht für nötig fanden, (wie an jenem Neujahrsabend auch) fast alleine meine
48 2112 2438 2193 Stimme vertreten. Überhaupt wird es bei mir schon lange als selbstverständlich
54 2166 2308 2233 betrachtet, dass ich da bin. Und dass ich da bin, beweist schon lange Jahre
45 2212 2384 2281 die Statistik. Noch heute, mit meinen mehr als 60 Lebensjahren ruht die Ver-
48 2263 2468 2351 pflichtung des da seins auf mir wie auf keinem anderen Sänger. Sogar auch dann,
45 2329 2341 2408 wenn es mir, wie an jenem Neujahrsabend, wegen dem dichten Rauch nicht ohne
48 2366 2381 2435 körperliche oder gesundheitliche Schädigung möglich ist, allein den Tenor zu
48 2420 2320 2480 vertreten, wird von mir verlangt, dass ich da zu bleiben habe, ansonst ich
45 2468 2338 2532 mich der Indisziplin schuldig mache, gerade weil andere, für die nachgerade
45 2514 2408 2607 das Wort Sängerdisziplin ein Fremdwort ist, nicht da sind. Ganz nebensächlich
39 2574 2348 2641 darf ich anführen, dass ich zu jener Zeit und auch heute noch in ärztlicher
42 2616 2405 2692 Behandlung bin wegen, meinen oft erscheinenden Schwindelanfällen im Kopfe, was
42 2674 2405 2743 Ihnen bekannt ist. Wenn Sie, Herr Vereinsführer mir ein einziges Mitglied des
36 2713 2378 2801 Männerchors namhaft machen können, der derartige Sonderverpflichtungen ge-
33 2777 2414 2849 niesst " wie ich in Bezug auf da sein, so bitte ich Sie, mir diesen Sängern zu
39 2825 2444 2900 nennen. Das Fehlen in der Singstunde, ja sogar bei öffentlichen Anlässen, kann
39 2861 2462 2943 sich jeder Sänger erlauben, ohne befürchten zu müssen, sich deshalb schriftlich
42 2916 2474 3027 verantworten zu müssen. Wie steht es damit bei mir, trotz persönlicher Entschul
36 2955 287 3030 digung ?
42 2973 2372 3088 Sie werden verstehen, dass bei einem Sänger, der bis jetzt zu seinem 60. Le-
39 3058 2375 3157 bensjahr sein möglichstes für das deutsche Lied getan hat, doch schliesslich
39 3112 2408 3196 jede Lust genommen wird, wenn man ihn von der Vereinsleitung aus, zu schrift-
36 3160 2429 3284 licher, Verantwortung zieht und zwar ultimativ innerhalb 2 Tagen, weil er nicht
