2479 3508
1210 307 1424 342 -2-
753 400 1830 458 Durch den Heldentod für's Vaterland:
842 452 1657 536 am 25.Juli 1941 in Russland.
902 512 1896 603 Sangesbruder Gefreiter Gross Paul
848 591 1629 653 am 28.Aug.1941 in Russland
906 635 2169 713 Sangesbruder SS-Rottenführer Helmut Wasmer
1024 717 2404 777 Die beiden Kameraden wurden in den Singstunden
1037 773 2394 832 am 14.8.41 bezw. 18.9.41 mit schlichten Worten
1026 822 2282 874 durch den Vereinsführer bezw. mit dem Lied
1045 868 2310 932 "Ich hat' einen Kameraden“ gaEEE durch die
1039 924 1452 992 Sänger geehrt.
767 976 1726 1061 Eines natürlichen Todes starben:
854 1030 2137 1099 am 14.6.41 Alfred Brutsche Aktiv seit 1933.
1296 1083 2348 1155 Sachwart seit 1933 u.Kassier s.1939.
946 1173 2378 1276 15.2.41 Johann Schlageter Passiv seit 36 Jahren
894 1223 1639 1290 " 19.2.41 Friedrich Laule
575 1340 1071 1432 3.) Ernennungen:
872 1396 1969 1468 am 14.8.1941 Döbele Ernst zum Kassier
1625 1456 2049 1541 zum Notenwart.
964 1474 1595 1551 14.8.1941 Bähr Fritz
577 1557 1129 1649 4.) Spenden:
872 1633 2328 1697 am 9.Nov.1941 gab das Passivmitglied Jakob Küpfer
872 1675 2358 1742 dem Verein RMk. 100.--, damit den Sänger-Soldaten
872 1734 2298 1794 an Weihnachten Päckchen geschickt werden können.
872 1786 1880 1840 Dies ist auch durchgeführt worden.
878 1816 2356 1888 Vereinsleitung hat dem Spender seinerzeit schrift-
874 1882 1707 1965 lich den Dank ausgesprochen.
878 1946 2272 2037 In diesem Zusanmenhang Döbele Adolf erwähnen !
570 2099 1057 2194 5.) Kasse:
1173 2047 2222 2179 Asal x Habig Kasse genehmigt
884 2139 2087 2264 am 31.12.1941. Barbestand RMk. 71.27
1326 2218 2111 2284 Giro " 253.86
1326 2262 2105 2350 Sparbuch " 376.26
1760 2306 2109 2386 RMk. 701.39.
1322 2360 2107 2445 Inventar 409.--
1760 2404 2111 2485 RMk.1110.39.
783 2475 2304 2577 Einnahmen aus Beiträgen im Jahre 1941 =  RMk. 273.--
908 2561 1611 2650 davon wurden verwendet:
1129 2599 2240 2698 für die Soldaten rd. RMk. 180.--
1247 2670 2224 2740 " Kränze " " 26.--
1239 2710 2242 2788 " Kreisbeitrag " 23.40
1241 2748 2248 2846 " diverses ca." 40.--
795 2834 1521 2929 Null von Null geht auf !
804 2905 2421 3001 Soldaten können bestimmt zufrieden sein mit Männerchor
840 2991 2065 3047 Weihnachts-Päckchen, Geburtstagspäckchen,
846 3027 1738 3104 jetzt nochmals einen Kalender.
799 3083 2290 3196 Ausserdem zahlt der Verein seinen Sängersoldaten,
842 3146 2302 3224 wenn sie in Urlaub sind, nach der Singstunde seit
842 3222 1595 3282 jüngster Zeit die Zechen.
900 3244 2344 3320 Es steht natürlich jedem Kameraden in der Heimat
896 3310 2370 3389 frei dies auch zu tun und den Vereins durch diese
900 3369 1294 3439 zu entlasten.
758 3070 792 3362 Habig
