2479 3508
1799 172 2293 278 29.XI. 1939
628 412 1525 516 Sängerkreis 2 im Gau XV Baden.
628 506 1427 578 des Deutschen Sängerbundes
630 560 1587 640 z.Hd.v. Herrn Schauburg Wilhelm
865 628 1245 702 Kreisrechner
640 682 1433 766 Tiengen /Oberrhein
646 937 1283 1063 Betr.: Bundesbeitrag
632 1031 2237 1123 Ich bestätige den Eingang Ihrer Mahnung vom 16.11.39,
642 1107 2159 1203 nach welcher wir mit der Bezahlung eines Beitrags-
632 1157 1553 1243 restes noch im Rückstand sind.
648 1201 2165 1289 Von unseren 35 singenden Mitgliedern befinden sich
640 1279 2189 1337 beim Heeresdienst z.Zt. nicht weniger wie lo Kamme-
640 1327 2163 1385 raden, die für das 2.Halbjahr 1939 keinen Vereins-
646 1373 2165 1449 beitrag mehr bezahlen konnten. Darüber hinaus sind
640 1417 2229 1515 auch eine Anzahl Passiv-Mitglieder wegen Einberufung
638 1477 2105 1549 zum Militär ausgefallen. Unsere Vereinskasse hat
640 1527 1497 1605 also entsprechenden Ausfall.
642 1561 2165 1663 Aus diesem Grunde muss ich Sie bitten, uns für die
640 1645 2223 1709 10 beim Heere dienenden Aktiv-Mitglieder den Bundes-
640 1691 2167 1761 Beitrag einstweilen für das 2.Semester 1939 zu er-
1751 1745 2013 1835 RM 6.50.
642 1743 1625 1811 lassen. Es ist dies 10 x 65 Pfg.
640 1789 1831 1863 Ich habe unseren Kassier angewiesen Ihr
640 1821 2289 1929 Restguthaben von. -RM 20.--
640 1859 2295 1981 abzüglich der vorgenannten " 6.50
1657 1957 2287 2053 mit. RM 13.50
642 2041 2111 2139 auf Ihr Postscheckkonto zu überweisen und ersuche
640 2123 2207 2195 ich höfl., damit unser Betrags-Konto umständehalber
634 2181 1083 2271 auszugleichen.
1317 2391 1747 2486 Heil Hitler !
1177 2470 1725 2580 Der Vereinsführer:
1429 2562 1799 2688 Zimmermann
