2479 3508
1140 331 1233 406 -4-
378 506 755 602 Lustige Ecke
382 578 2004 686 Eine Mutter schickt ihrem Sohne in die Garnison einen
378 646 2024 742 Schinken. Dieser Sendung legt sie folgenden Brief bei:
391 700 1995 789 "Mein Lieber Sohn! Ich sende Dir einen Schinken. Der-
380 744 1946 837 selbe ist aber nicht von uns. Wir haben dieses Jahr
373 809 1964 902 kein Schwein geschlachtet aber die Großmutter. Deine
378 849 922 942 Mutter Katharina.
378 1093 2084 1204 Ein Soldat trägt in jeder Hand einen vollen Wasserkübel.
375 1182 1997 1264 Ein Feldwebel begegnet ihm und frägt, was er schaffe.
382 1231 1935 1311 "Der Oberst,, der Oberstl“ stottert der Soldat. "Was
378 1282 2057 1371 Oberst, Herr Oberst heißt es“. Darauf erwidert treuher-
375 1326 2084 1408 zig der Soldat: "Mir ist es gleich, also der Herr oberst
375 1382 2095 1475 Abort ist verstopft und ich soll ihn in Ordnung bringen.
384 1615 2084 1726 Bei einem Faldspariergang fürgt der kleine Fritz:"Vati,
2206 1650 2290 1744 14
375 1690 2150 1775 haben die Brombeeren auch Ffiße?“ "Dummer Bub, woher sollen
384 1757 2170 1835 die Brombeeren auch Füße herhabenz" "Autschl“, sagt Fritz,
384 1793 1684 1901 "dann hab ich einen Mistkäfer verschluckt“.
962 2039 1433 2159 --- o00OO0000---
