2479 3508
246 81 565 191 Rudolf Weiss
267 168 547 251 Murg (Baden)
306 220 497 304 Postfach 6
1508 233 2364 340 Murg(Baden), den 15.Okt.1940.
285 492 492 581 An den
301 555 686 628 Vereinsführer
291 599 885 704 des Männerchor Murg,
293 673 809 746 Alfons Zimmermann
285 722 788 819 Laufenburg-Rhina
293 942 2311 1052 Für Ihre gefl. Zusage mit Schreiben vom 11. ds. Mts. danke ich Ihnen
293 1031 2222 1086 bestens. Zu Ihrer Orientierung teile ich Ihnen mit, dass ich etwa
296 1086 2285 1141 folgende gesangliche Darbietungen vorschlagen möchte. Zu Beginn des
304 1128 2264 1194 Vortrages vielleicht den Sängergruss und ein Lied. Der Vortrag des
298 1175 1304 1269 Herrn Professor Dr. Bühler lautet:
427 1220 2230 1338 Volksdeutsche Schiksale und ihre Erfüllung durch den Führer.
293 1311 2233 1393 Nach der Pause zeigt Herr Professor Dr. Bühler einen Stehfilm von
296 1374 2311 1434 seiner Reise nach Ungarn. Vor diesem Stehfilm wäre nochmals ein oder
296 1424 2400 1526 zwei Lieder erwünscht. Am Schluss der Kundgebung die nationalen Lieder.
298 1482 2233 1586 Bemerken möchte ich noch, dass nach dem Eröffnungsgesang folgende
293 1568 2298 1646 zwei Gedichte zum Vortrag kommen Haltet zusammen", und Kameraden!
309 1625 2178 1691 Vor dem Stehfilm gelangen zum Vortrag "Wo ein Volk glaubt," und
309 1675 1167 1762 "Die deutsche Mutter spricht.
298 1730 2175 1845 Ich hoffe, dass es Ihnen an Hand dieser Angaben möglich ist die
301 1822 2262 1906 geeigneten Lieder zu wählen. Die Kundgebung beginnt am Sonntag den
298 1872 1133 1953 20, ds. Mts um 8 Uhr abends.
1550 1987 1955 2110 Heil Hitler!
1911 2123 2149 2246 Weiss
1440 2212 2322 2351 Ortsverbandsleiter des V.D.A.
