2479 3508
138 148 911 271 Sängergau XV Baden
150 247 906 366 im deutschen Sängerbund
141 356 901 458 (Badischer Sängerbund e.V.)
1655 211 2313 320 Karlsruhe, 12. September 1942.
351 770 1468 921 An alle Chöre des Sängergaues Baden.
359 938 877 1056 Liebe Sangeskameraden!
359 1051 2309 1172 Hierdurch werden die nachfolgenden, wichtigen Punkte — in Ermangelung unseres Gauorgans,
359 1153 2294 1238 der Süddeutschen Sängerzeitung, die, wie bekannt, seit Juni v. J. aus kriegsbedingten Ursachen
356 1189 1836 1306 ihr Erscheinen einstellen mußte, durch Rundschreiben bekannt gegeben.
363 1289 1172 1410 1. Ordentlicher Gausängertag 1942.
359 1400 1187 1504 Der diesjährige Gausängertag findet am
669 1495 1977 1587 Sonntag, dem 27. September um 10.30 Uhr in Karlsruhe
676 1575 1800 1659 im Saale des „Friedrichshof" Karlfriedrich-Straße
359 1686 1497 1785 statt. Hierzu werden unsere Chöre hiermit eingeladen.
363 1781 1008 1877 Die Tagesordnung ist folgende:
363 1865 1219 1972 1. Geschäftsbericht des Sängergauführers.
361 1948 1180 2049 2. Bericht des Sängergauschatzmeisters.
361 2011 2057 2134 3. Wahl des Sängergauführers, dessen Stellvertreters und zweier Rechnungsprüfer.
366 2122 1291 2212 4. Verschiedenes; Wünsche und Anregungen.
361 2185 2289 2306 Im Hinblick auf die Einschränkungen im Reiseverkehr erwartet die Sängergauführung vor allem
368 2267 2294 2352 die Vertreter aus den zum Tagungsort günstig gelegenen Plätzen. Auf die Möglichkeit der
368 2326 2301 2435 (schriftlichen) Übertragung des Stimmrechts auf einen anderen Mitgliedschor wird besonders
366 2374 812 2464 aufmerksam gemacht.
356 2476 843 2580 2. Organisatorisches.
356 2544 2292 2657 Seit Juni v. J. haben sich innerhalb einzelner Sängerkreisführungen folgende Änderungen ergeben:
354 2636 2292 2720 Der an Lebensjahren älteste Sängerkreisführer unseres Sängergaues, Sangeskamerad Robert
356 2701 2289 2771 Müllerleile vom Sängerkreis Offenburg in Lahr, ist gestorben. Als einem Sängerführer
359 2742 2292 2822 von hervorragenden Eigenschaften des Geistes und des Herzens ist ihm bei allen, die ihn
356 2788 2292 2871 kannten und schätzten, ein dauerndes, ehrendes Andenken gewiß. Mit Zustimmung des Sänger-
366 2849 2294 2926 gauführers soll von einer Neubesetzung des Postens bis Ende des Krieges abgesehen werden.
356 2907 2287 3001 Die Geschäfte führt inzwischen der Stellv. Sängerkreisführer, Sangeskamerad Max Bohnert,
359 2951 831 3043 Lahr, Bergstraße 117.
351 2968 2289 3140 Im Sängerkreis Main-Neckar ist an Stelle des zurückgetretenen, früheren Sängerkreisführers-
351 3096 1783 3195 neu berufen worden: Sangeskamerad Hugo Vierneisel in Lauda.
