2479 3508
264 223 815 350 3. NS-Volkskulturwerk.
254 295 2155 396 Durch den „Aufruf an die Volkskulturgemeinschaften“ in Heft 6 der Deutschen Sängerbundes-
261 379 2167 451 Zeitung vom 15. 6. 42. ist der deutschen Sängerschaft die neue, parteiamtliche Einrichtung des
266 417 2158 506 NS-Volkskulturwerkes in der Reichspropagandaleitung zur Kenntnis gebracht worden. Wer das
271 472 2158 561 Wirken und Streben des Deutschen Sängerbundes seit seinem Bestehen kennt, und wer weiß
266 525 2158 621 welche Zielsetzung dieser große Bund singender deutscher Menschen sich immer gegeben hat,
266 585 2155 655 der hat mit tiefster Befriedigung die prächtige Verlautbarung des Leiters des NS-Volkskultur-
271 635 2165 712 werkes Pg. Cerff, gelesen und erkannt, daß damit in schönster Weise das in Erfüllung
261 690 2165 779 geht, was alle führenden Männer des Sangeslebens seit dem Umbruch und insbesondere seit
266 741 2158 822 dem unvergeßlichen Deutschen Sängerbundesfest in Breslau 1937 ersehnt, erstrebt und er-
266 796 2160 877 wartet haben. Wer darüber hinaus die Rede von Pg. Cerff bei der Verkündung des NS-
276 846 2160 930 Volkskulturwerkes im Gau Baden und Elsass am 16. August in Straßburg hören und sich
261 906 2155 983 über die ungemein sachkundigen und warmherzigen Ausführungen des Redners, die mit viel-
261 959 2158 1043 fachem, stürmischem Beifall der zahlreichen Zuhörer im überfüllten großen Saale des Sänger-
276 1014 2160 1081 hauses bedankt wurden, freuen könnte, der wurde sich in der gleichen Stunde bewußt, daß
264 1067 2158 1141 damit eine neue, glückverheißende Epoche unserer volkskulturellen Arbeit ihren Anfang ge-
266 1120 2165 1199 nommen hat. Mit dieser erfreulichen Anerkennung unserer Arbeit, sowie dem gleichzeitig
266 1177 2158 1232 ausgesprochenen Recht auf unser Eigenleben, vor allem aber mit der Zusicherung der tat-
266 1230 2160 1290 kräftigen Förderung und Unterstützung aller unserer Bestrebungen durch die Partei erhält
266 1280 2158 1367 unsere Arbeit einen beglückenden Auftrieb und eine Vertiefung ihres höchsten Zwecks:
273 1333 2160 1412 „Dem Volk zu dienen mit des Liedes Weihe“. Nun gilt es, sich des erwiesenen Vertrauens
266 1391 2165 1446 durch tatkräftigen Einsatz würdig zu erweisen. In allen Fragen des Zusammenwirkens mit
271 1446 2170 1498 der Partei muß es immer Grundsatz sein, daß wir uns nicht erst lange bitten lassen, sondern
266 1496 2160 1558 daß wir in freudiger Bereitschaft uns ungerufen der Partei zur Verfügung stellen. Damit sind
273 1554 2165 1611 wir zugleich im besten Sinne Wahrer der stolzen Tradition des Deutschen Sängerbundes.
271 1606 2167 1664 Praktisch sieht die Sache so aus: Vereinsführer oder Chorleiter oder beide setzen sich in
276 1661 2167 1731 jedem einzelnen Falle mit dem örtlichen Kulturstellenleiter wegen der Feiergestaltung mög-
266 1717 2170 1769 lichst frühzeitig ins Benehmen, um die erforderlichen Vorbereitungen rechtzeitig beginnen zu
271 1767 2175 1829 können. Da die Parteidienststellen ja über das NS-Volkskulturwerk genauestens unterrichtet
271 1822 2170 1892 sind, wird ein harmonisches Zusammenarbeiten gewiß immer zu erzielen sein. Und wenn sich
266 1875 2170 1930 die Dinge erst einmal eingespielt haben, dann dürfen wir sicher sein, daß sie bei beiden
276 1920 1256 1992 Teilen nur größte Befriedigung auslösen werden.
273 2031 2172 2110 4. Tag der Aufnahme in die Partei am 27. 9. 42. und Erntedankfest am 4. 10.42.
266 2115 2177 2199 Die nächsten Gelegenheiten, sich in obigem Sinne zu betätigen, sind diese beiden Tage, bei
266 2179 1983 2270 denen überall, wo unsere Chöre noch singfähig sind, ihre Mitwirkung erwartet wird.
261 2258 1829 2366 5. Liedwerbung im Rahmen der 2. Reichsstraßensammlung des WhW
324 2340 868 2436 am 24. und 25. 10.d.J.
271 2405 2177 2501 Ganz besonders aber wird von unseren Chören freudwilliger Einsatz verlangt und erwartet
266 2493 2182 2558 bei dieser großen Liedwerbung, bei der unsere Chöre als Kerntrupp bei den einstimmigen
273 2541 2179 2625 Weisen und als Darbieter mehrstimmiger Sätze ihre ganze Kraft für das Gelingen der uns
264 2611 2184 2678 in besonderem Maße angehenden Aktion einsetzen müssen. Die Anweisungen, wie sie in der
271 2654 2187 2721 Deutschen Sängerbundeszeitung Heft 8 vom 15. August d. J. Seite 98/99 gegeben und weiter
264 2702 2182 2779 für Heft 9 in Aussicht gestellt sind, wollen von allen unseren Chören sinngemäß angewandt
273 2762 2170 2843 werden. Dies alles in engstem Einvernehmen mit den örtlichen Parteidienststellen (Ortskultur-
261 2829 2172 2891 stellenleitern). Damit stellen wir unsere freudige Bereitschaft, im Geiste des NS-Volkskultur-
273 2867 1319 2954 werkes wirken zu wollen, am besten unter Beweis.
254 2954 1216 3052 6. Unser Lied: Gemeingut aller Deutschen.
257 3050 2182 3155 In genau der gleichen Richtung geht die Anordnung des Leiters des Hauptkulturamtes der
261 3129 2182 3196 NSDAP. Pg. Cerff: durch die die vier Lieder „Siehst du im Osten das Morgenrot“, „Auf
261 3186 2184 3282 hebt unsre Fahnen“, „Nur der Freiheit gehört unser Leben“, „Vorwärts nach Osten“ (Rußlandlied)
