2479 3508
248 168 2209 300 zu Pflichtliedern für die ganze Nation erklärt werden. Es handelt sich dabei, was auch hier
248 256 2199 331 ausdrücklich vermerkt werden soll, um einstimmige Lieder. Ihre Anschaffung und Einübung
251 314 2199 390 bis zum Auswendigsingen wird allen unseren Chören zur Pflicht gemacht. (Siehe Deutsche
258 373 1264 468 Sängerbundes-Zeitung Heft 8 Seite 99 und 110).
256 446 1074 550 7. Einsendung von Vortragsfolgen.
258 531 2194 628 Immer wieder muß festgestellt werden, daß die Einsendung von je 4 Vortragsfolgen von jeder
261 611 2194 687 Veranstaltung unserer Chöre — auch von Lazarettsingen u. dgl. — nicht mit der Gewissen-
258 667 2199 745 haftigkeit erfolgt, die verlangt werden muß. Ganz abgesehen davon, daß jeder säumige Chor
256 723 2204 799 sich den Ordnungsstrafen der Stagma aussetzt, soll auch hier das oft Gesagte wiederholt
261 774 2196 843 werden, daß Nachlässigkeit in dieser Pflicht eine Undankbarkeit gegen die Komponisten
261 833 2194 911 bedeutet, denen dadurch die oft für ihren Lebensunterhalt dringend nötigen Aufführungs-
261 884 2194 964 gebühren vorenthalten werden. In künftigen Fällen können wir uns nicht mehr für solche
261 933 2194 1040 Chöre einsetzen, die ihre Pflicht versäumt haben und deshalb von der Stagma mit Strafen
263 1008 677 1088 belegt worden sind.
251 1084 1468 1198 8. Aufführungen zu Gunsten des WhW und des DRK
256 1169 2192 1249 Die erfreuliche Vielzahl derartiger Veranstaltungen von Seiten unserer Chöre erfüllt uns mit
261 1239 2184 1322 stolzer Freude. Leider wird aber von unseren Chören allzuoft versäumt, über alle diese Ver-
258 1293 2199 1359 anstaltungen den angeordneten kurzen Bericht wohlgemerkt neben der Einsendung der
270 1351 2189 1422 Vortragsfolgen, die hiervon nicht berührt wird an die Sängerkreise unter Nennung der
263 1398 2184 1480 Höhe des finanziellen Ergebnisses zu erstatten. Wir machen deshalb unseren Chören diese
261 1454 2184 1546 Berichterstattung, deren werbender Zweck doch jedermann klar vor Augen stehen sollte,
263 1519 825 1607 erneut zur strengen Pflicht.
265 1605 1237 1690 9. Heimgang des Bundesführers des DSB
261 1670 2177 1773 Der Bundesführer des Deutschen Sängerbundes, Oberbürgermeister Albert Meister, Herne
263 1741 2189 1826 ist nach langem, schwerem Leiden aus dem Leben geschieden. Sein Heimgang erfüllt die
261 1797 2194 1873 deutsche Sängerschaft mit tiefer Trauer. Ein begeisterter Sänger und fanatischer Kämpfer ist
256 1858 2182 1938 mit ihm allzufrüh dahingegangen. Höhepunkt seiner selbstlosen und aufopfernden Tätigkeit für
258 1911 2179 1989 unseren Bund waren die festlichen Tage des deutschen Sängerbundesfestes in Breslau 1937
263 1967 2184 2021 wo er den Dank und die Anerkennung des Führers für sein und des Deutschen Sängerbundes
270 2023 2187 2089 Wirken und Streben entgegennehmen durfte. Der verewigte Bundesführer wurde am Sonntag
263 2075 2184 2138 dem 23. August in Herne in sehr würdiger und ergreifender Weise zur letzten Ruhe gebettet.
261 2131 2184 2189 Kränze des Führers, des Reichsmarschalls Hermann Göring, des Reichsministers Dr. Goebbels,
256 2182 2189 2243 des Leiters des NS-Volkskulturwerkes Cerff, des Präsidenten der Reichsmusikkammer
258 2235 2182 2296 Raabe, des Stabschefs der SA Lutze und vieler anderer gaben Zeugnis von der hohen Wert-
256 2282 2182 2355 schätzung, die dem Verblichenen allseits entgegengebracht wurde. Der Stellv. Bundesführer
261 2335 2189 2403 Oberbürgermeister Memmel, Würzburg, widmete dem Entschlafenen namens des Deutschen
256 2398 2189 2459 Sängerbundes einen tief zu Herzen gehenden Nachruf. Seine Arbeit und seine Persönlichkeit
258 2450 2192 2523 werden auch in den Reihen unserer badischen Sänger in dankbarer und ehrender Erinnerung
248 2510 611 2588 erhalten bleiben.
256 2588 1256 2686 10. Unsere Kameraden im feldgrauen Rock.
258 2661 2192 2744 Wie wir wissen, gibt es in unserem Sängergau keinen Chor, der nicht mit seinen im Felde
256 2742 2192 2810 stehenden Sangeskameraden in engster und liebevoller Verbindung stände. Die Riesenzahl
256 2793 2189 2859 der begeisterten Dankbriefe aus dem Felde, die eine rührende Treue aller Kameraden draußen
256 2847 2179 2917 zu ihrer heimatlichen Chorvereinigung erkennen lassen, werden für alle Zeiten packende
261 2900 2177 2971 Dokumente der tiefen Verbundenheit von Front und Heimat sein. Unser gegenwärtiges Rund-
248 2971 2184 3027 schreiben soll auch nicht geschlossen werden, ohne unserer toten Helden in stolzer Trauer
251 3007 2184 3075 zu gedenken und unsere tapferen Kameraden zu grüßen, die an allen Fronten ihr Leben für
248 3063 2184 3131 die Heimat in die Schanze schlagen. Sie werden, wenn sie wohlbehalten aus diesem gewaltigen
248 3122 2187 3217 Ringen zurückkehren, was wir ihnen von ganzem Herzen wünschen, die Treuesten der Treuen
251 3200 577 3273 unter uns sein.
