2479 3508
262 95 2216 220 Bis dahin aber wollen wir in der Heimat, überall wo man uns braucht, bis zuletzt unsere
254 218 2214 286 Pflicht tun im Beruf, für das allgemeine Wohl und als deutsche Sänger in der Front der
254 264 2221 345 Heimat, die nie wichtiger war als gerade jetzt, wo es gilt, alle Herzen stark zu erhalten bis
254 328 2211 431 zum Endsieg, der uns sicher ist dank unserer unvergleichlichen Wehrmacht und der genialen
262 374 959 479 Führung unseres großen Führers.
1267 489 1840 607 Mit deutschem Sangesgruß.
1419 607 1676 722 Heil Hitler !
1001 780 2143 1003 Karl Schmitt
1411 956 1754 1108 Sängergauführer.
