2479 3508
129 167 564 284 Männer-Gesang-Verein
148 303 519 430 Laufenburg (Baden)
1232 360 2068 460 Laufenburg 2. Januar i944.
740 761 2328 881 Sehr geehrter Herr Zimmermann, liebe Sängerkameraden!
740 1080 2435 1171 Zu meinem grossen Bedauern konnte ich ihrer liebenswürdi-
597 1164 2359 1228 gen Einladung nach Niederhof nicht Folge leisten. Ich hätte
599 1212 2355 1291 allein kommen müssen und dazu schien mir der Weg bei Schnee
599 1271 1783 1346 und Nacht und Dunkel nicht ratsam genug.
749 1300 2412 1380 Ich nehme aber gerne die Gelegenheit wahr Ihnen auf die-
597 1362 2412 1435 sem Wege meine und der Laufenburger Sängerkameraden herzlich-
597 1417 2423 1489 ste Wünsche zum neuen Jahre und zu Ihrem 50 jährigen Bestehen
606 1474 1052 1546 zu übermitteln.
722 1517 2359 1587 Wenn ja auch kriegsbedingt die Aufgaben der Männerchöre
597 1571 2332 1633 sehr eingeschränkt sind, so bleibt uns doch das schöne und
606 1619 2385 1688 dankbare Feld der Pflege der Kameradschaft. Diese muss unter
610 1676 2385 1745 allen Umständen und fest bestehen bleiben, damit ein solider
610 1726 2255 1786 Grundstock für den Aufbau nach dem Kriege vorhanden ist.
608 1770 2353 1842 Ich zweifle nicht, dass Sie in diesem Sinne wirken und dass
610 1824 2373 1893 Sie einig sind in dem Bestreben nach einem so Gott will bal-
604 1872 2357 1945 digen und siegreichen Frieden mit den zurückkehrenden Kame-
610 1931 2364 1997 raden in alter Begeisterung die Pflege des deutschen Liedes
608 1984 2416 2070 wieder aufzunehmen, das so oft in der Geschichte seinen Wert
613 2022 2364 2095 bewiesen hat als das ganze deutsche Volk umfassendes, festes
604 2086 1786 2152 Band in höchster Freude und herbem Leid.
745 2114 2355 2189 Dass wir alle nicht müde werden in unserer Arbeit für:
865 2184 2180 2264 ------ Ein Volk, ein Reich, ein Führer -----
606 2218 1230 2316 das sei mein Wunsch !
597 2321 2328 2396 In diesem Sinne bin ich in nachbarlicher Verbundenheit und
1250 2389 2243 2444 und mit treudeutschem Sängergruss
1594 2473 1708 2569 Ihr
1779 2544 2373 2665 G.Schwarz
1706 2662 2278 2783 Sängerkreisführer.
