2479 3508
1371 224 2258 336 Rhina, den 11. Oktober 1940.
502 384 696 476 Herrn
502 446 888 539 Rudolf Weiss
506 498 1431 623 Ortsverbandsleiter des V.D.A.,
496 586 815 664 Murg.
502 711 1315 843 Sehr geehrter Herr Weiss !
506 802 2174 912 In Erledigung Ihres Briefes vom 9.d.M. teile ich Ihnen
511 899 2140 961 mit, dass wir an der Kundgebung des V.D.A. am 20.d.M.
506 942 2239 1011 gerne mitwirken, sogut wir dazu bei der augenblicklichen
513 1000 2177 1060 Besetzung der einzelnen Stimmen in der Lage sind. Darf
511 1047 2224 1114 ich Sie bitten, mich gelegentlich noch wissen zu lassen,
511 1103 2114 1200 wieviel Lieder wir während des offiziellen Programms
513 1146 1071 1243 vorzutragen haben.
1440 1211 1862 1315 Heil Hitler !
1347 1291 1944 1403 Der Vereinsführer:
