2479 3508
1187 182 2065 323 Murg, den 24. Oktober 1942.
541 464 1003 584 Herrn und Frau
537 598 1066 715 Hans Haiss
547 682 893 778 Murg/Baden
547 862 1918 1005 Lieber Sangesbruder Haiss u. Frau Gemahlin !
549 1005 2132 1117 Leider habe ich erst jetzt davon Kenntnis bekommen,
558 1091 2114 1183 dass Sie am 11.Oktober d.J. Ihre silberne Hochzeit
560 1136 1029 1219 feiern konnten.
560 1181 2157 1285 Trotzdem inzwischen schon 2 Wochen verstrichen sind,
560 1260 2069 1319 möchte ich Ihnen im Auftrag des Männerchors nach-
566 1317 2085 1393 träglich herzliche Glückwünsche aussprechen. Möge
560 1356 1953 1444 das Schicksal Sie noch viele Jahre gesund und
560 1424 1368 1501 zufrieden zusammen lassen.
554 1458 2138 1573 An Sie persönlich, lieber Sangesbruder, möchten wir
558 1544 2198 1614 in diesem Zusammenhang die Bitte richten, uns weiter-
560 1587 2192 1652 hin als gewissenhafter Sänger zu unterstützen, so gut
560 1638 1516 1716 Ihnen dies Ihr Beruf gestattet.
566 1681 2077 1785 Traditionsgemäss hätten wir aus obigem Anlass ein
547 1763 2092 1834 Ständchen zu bringen. Leider, leider ist dies aber
556 1818 2177 1889 nicht möglich, da wir ja, wie Sie selbst auch wissen,
562 1863 2096 1936 bedauerlicherweise neuerdings nicht mehr singfähig
562 1910 2126 1973 sind. Um Ihnen trotzdem unsere Wertschätzung zu be-
560 1973 2102 2061 weisen, gestatten wir uns wenigstens einige Blumen
560 2014 1031 2098 zu überreichen.
1338 2098 1757 2228 Heil Hitler !
1272 2220 1877 2314 Der Vereinsführer:
