2479 3508
1367 201 2195 351 Murg, den 2. November 1941.
626 605 800 720 Herrn
631 726 1202 844 Richard Laule
626 808 1259 923 Restauration Stadler.
626 897 1200 995 Stühlingen/Baden.
626 1050 2091 1153 Was wollen denn die mit mir, wirst Du Dich beim
622 1113 2150 1236 Öffnen dieses Briefes gefragt haben. Nun ich will
622 1194 1594 1259 mein Anliegen gleich vortragen.
620 1244 2180 1331 Wir schicken unseren 20 im Felde stehenden sängern
626 1299 2203 1386 Weihnachts-Päckchen. Leider ist es aber heute recht
631 1367 2108 1443 schwer, sie zu füllen. Die Vorstandschaft hat in
612 1403 2252 1496 der vorgestern gehabten Sitzung vorgeschlagen, jedem
622 1460 2190 1545 Kameraden u.a. auch etwas Schnaps zu geben, jedoch
618 1494 2269 1606 ist dieser Artikel gegenwärtig ebenfalls recht knapp.
626 1566 2239 1625 Ein Sänger meinte aber, unser Richard in Stühlingen
637 1604 2271 1714 wird uns als alter Murger aus der Not helfen, denn er-
616 1668 1240 1735 hat eine Brennerei.
626 1714 2326 1816 Daher frage ich vertrauensvoll an, ob Du uns für obigen
622 1784 2250 1883 Zweck evtl. 5 ltr. guter Obstschnaps abgeben kannst.
620 1822 2317 1919 Selbstverständlich bezahlen wir gerne, was jeder andere
635 1888 2273 1958 auch bezahlt. Die Hauptsache ist mir, wenn wir über-
648 1936 2277 2006 haupt etwas bekommen. Die Lieferung müsste spätestens
629 1985 2245 2063 Ende November erfolgen, weil die Päckchen ja anfangs-
631 2038 2241 2108 Dezember aufgegeben werden müssen. Vidleicht bist Du
637 2087 2214 2201 so gut und schreibst mir bald, ob sich etwas machen
637 2152 849 2220 lässt.
639 2195 2093 2296 In alter Verbundenheit grüsst im Auftrage aller
639 2271 1249 2353 Sängerkaneraden mit
1490 2328 1917 2434 Heil Hitler!
1407 2404 2036 2531 Der Vereinsführer:
