2479 3508
1220 808 2072 934 Rhina, den 8.Dezember 1941.
619 1019 1128 1135 Lieber Theodor !
616 1111 2026 1209 Am letzten Donnerstag hat mir Dein Schwieger-
619 1172 2056 1263 vater das Versprochene ausgehändigt. Ich danke
667 1235 1939 1314 Dir sehr dafür. Den Gegenwert habe ich ihm
636 1266 1986 1370 gleich gegeben. Weist Du, wer rasch bezahlt,
627 1318 2060 1433 hat Aussicht, vielleicht später wieder mal was
632 1416 1043 1483 zu bekommen.-
649 1438 1980 1544 Sonst geht es uns so solala. Dir und Deinen
640 1505 2124 1590 Lieben sicher auch? Hast Du das Christkind schon
640 1555 2072 1634 tüchtig gejagt ? Ich glaube, nach Rhina findet
640 1594 2126 1712 es dieses Jahr sicher den Weg gar nicht. Es wird
649 1684 1024 1751 sich zeigen.
642 1699 1864 1819 Herzliche Grüsse, auch an Dein Frauchen
1547 1769 1710 1858 Dein
