2479 3508
191 289 896 436 Süngerkreis 2.Waldshut.
1637 324 2266 439 Tiengen, 20.Juli 39.
808 427 1600 590 Hundschreiben
400 558 2177 682 an die am Kreissüngertag in St. Blasien teilnehm. Vereine.
397 668 1656 788 Wir machen noch auf Folgendes aufherksan:
547 772 2289 884 1.Die um 1272 Uhr im Kolleghof stattfindende Gesantchor-
638 863 2299 969 probe, sowie die Hauptkundgebung, müssen unbedingt von
636 960 2370 1068 schtl. am Kreissängertag teilnehnenden Sänger vollzählig.
638 1036 2269 1137 besucht werden. Also auch die nicht wertungssingenden
636 1086 1706 1203 Vereine haben pünktlich anzutreten.
641 1162 2204 1274 Die Teilnahme an der Probe muß kontrolliert werden.
641 1256 2299 1346 Das Wertungssingen findet nicht im Kursaal, sondern im
643 1332 1920 1433 ehem.Kollegsaal der Stella matutina statt.
643 1401 2326 1506 Wir können den am Wertungssingen teilnehnenden Vereinen
643 1483 2312 1564 die erfreuliche Mitteilung machen, daß die Sängerkreis-
641 1559 2319 1660 kasse den üblichen Einsatzbetrag von -.20 RM pro Sänger
643 1635 2377 1743 ausnahnsneise übernimmt,da sich die Auslagen für den ein-
643 1713 2227 1826 zelnen Sänger nach St.Blasien sowieso schon hoch ge-
641 1768 896 1860 stalten.
645 1805 2427 1950 Die Vereine haben in der Reihenfolge, wie auf der Vortrags-
638 1933 2436 2053 folge f.d.Vertungssingen angegeben,ordnungsnäßig anzutreten
638 2009 2234 2106 Auf die schriftl.Erklärung lt.56 der Richtl. für das
643 2069 2266 2195 Wertungssingen wird nochmals hingewiesen, sie ist dem
641 2152 1816 2255 Sängerkreisführer (G.Bächle) abzugeben.
631 2227 2227 2324 Anschließend an das Wertungssingen spricht einer der
634 2287 2126 2395 Wertungsrichter zu den in Saal anwesenden Sänger.
629 2354 2328 2485 Nach Abschluß folgt die Besprechung der Wertungsrichter
622 2457 1759 2547 mit den Chorleitern im gleichen Raun.
537 2521 2379 2648 3. Von säntl Kreisvereinen ist der Chor: Forschen nach Gott"
622 2611 2367 2742 und "der Deutsche Sängergruß“ sofort gründlich zu wieder-
627 2664 827 2751 holeh.
537 2712 2358 2882 4. Auf Grund des Testabzeichens haben säntl. Sänger unseres
622 2811 1952 2939 Kreises zum Wertungssingen freien Lintritt.
535 2879 2103 3013 5. Der Kreissängertag mit Wertungssingen findet bei
1010 2976 1711 3077 jeder Witterung statt.
622 3049 2276 3171 da ein genügend großer Raum (für etwa 1000 Pers.) vor-
613 3111 969 3222 handen ist.
1520 3210 2289 3325 mit deutschen Sängergruß
1651 3279 2030 3387 Heil Hitler!
611 3339 2276 3486 gez.A.Flaig (Kreischorl.) gez. C.Bächle. (Kreissängerf.)
