2479 3508
428 150 2214 256 5.) Die Geschäftsstelle des Sängergaues, die infolge Einberufung des Sängergauführers zur
518 229 2212 323 Wehrmacht eingerichtet ist, führt die laufenden Bundesgeschäfte und befindet sich jetzt
935 307 1797 397 Karlsruhe i. B., Klosestraße 1, Tel. 1837.
560 329 2167 450 (Unter dieser Nummer zu erreichen nur in der Zeit von 13.00 bis 14.30 und von 19.00 Uhr ab)
518 448 1385 538 Als Geschäftsführer ist Otto Horn ernannt.
518 529 1842 654 Aller Schriftverkehr geht künftig über die zuständigen Sängerkreise
769 643 1968 731 an Sängergau XV Baden im DSB (Bad. Sängerbund e. V.)
1215 717 1517 805 Geschäftsstelle.
1726 758 2107 838 Karlsruhe i. B.
1786 858 2057 948 Klosestraße 1
524 921 1486 1031 soweit nachstehend nichts anderes bestimmt ist.
417 1022 845 1114 6.) Geschäftsverkehr.
527 1071 2223 1190 Der Schriftverkehr geht nach wie vor von den Vereinen zum zuständigen Sängerkreis.
527 1152 2217 1219 Die Sängerkreise werden gebeten, Anfragen usw. der Vereine von sich aus zu er-
524 1206 2219 1262 ledigen und nur die wichtigsten Belange, die von grundsätzlicher Bedeutung oder
529 1264 1441 1334 Auswirkung sind, dem Sängergau vorzulegen.
527 1320 2221 1387 Es muß das Bestreben sein, daß alle Stellen von sich aus kleinere Angelegenheiten
524 1385 2221 1450 selbst entscheiden und erledigen und damit den Schriftverkehr auf ein Mindestmaß
531 1439 2221 1502 herunterbringen. Damit wird Zeit und Arbeit eingespart, die für wichtige Angelegen-
524 1495 1318 1560 heiten besser angewandt werden kann.
531 1546 1331 1650 Also: Vereinfachung auf allen Gebieten!
307 1667 693 1764 II. Kulturelles:
437 1757 2228 1849 1.) Mit allem Nachdruck weise ich auf die Mitwirkung unserer Chöre bei der 2. Reichs-
527 1847 2228 1907 straßensammlung des WHW am 24. und 25. Oktober 1942 hin. Jeder einzelne
533 1905 2223 1961 Sänger muß sich dafür verantwortlich fühlen, daß der DSB seine ihm dabei ge-
527 1961 2232 2015 stellte Aufgabe in Ehren und mit Erfolg löst. Ich verweise auf die Anweisungen
527 2001 2228 2075 in der DSB-Ztg., Heft 8 v. 15. 8. 42 Seite 98/99 und Heft 9 vom 15. 9. 42 Seite 122.
531 2057 2232 2120 Es handelt sich um einen Großeinsatz der deutschen Sängerschaft für das
524 2105 2239 2185 Kriegswinterhilfswerk, zu dem der Führer in so hinreißenden aufrüttelnden Worten
533 2158 881 2246 aufgefordert hat.
433 2228 2237 2331 2.) Nicht weniger wichtig ist die Mithilfe der Sängerschaft bei Veranstaltungen zu
536 2320 2239 2387 Gunsten des Roten Kreuzes, zur Betreuung der Lazarette, am Tag der Hausmusik
533 2371 2235 2436 usw. Über jede dieser Veranstaltungen muß, abgesehen von der Einsendung der
540 2425 2237 2497 Vortragsfolge, von dem mitwirkenden Chor ein kurzer Bericht an die Geschäfts-
531 2463 1594 2546 stelle in Karlsruhe, Klosestraße 1 geschickt werden.
450 2533 2210 2676 3.) Von jeder Veranstaltung unserer Chöre — auch von Lazarettsingen und dgl.-
531 2633 1585 2701 müssen je vier Vortragsfolgen eingeschickt werden.
446 2696 2246 2817 4.) Damit jeder Chor (die Bezeichnung „Verein“ soll allmählich wegfallen zugunsten
533 2781 2243 2873 der Bezeichnung „Chor“) in Zukunft in der Lage ist, der Partei bei der Aus-
533 2828 2239 2925 gestaltung und Durchführung ihrer Feiern zur Seite zu stehen, wird die Sängergau-
531 2893 2248 2976 führung sich bemühen, die vier Pflichtlieder der Nation, wie sie vom Leiter des
533 2941 2250 3021 Hauptkulturamtes der NSDAP - Pg. Cerff — angeordnet wurden, (vergl. Seite 99
533 3012 2252 3093 und 110 in Heft 8 der DSBZ) den einzelnen Chören als Geschenk zugehen zu
531 3048 2252 3129 lassen. Dann können unsere Chöre als singender Kern- und Vortrupp bei den
531 3120 2248 3192 Gemeinschaftsfeiern der Partei ihre Mitwirkung mit einem erlesenen, zeitnahen Lied-
536 3162 2261 3281 gut sich zur Verfügung stellen. Zugleich tragen sie dadurch bei zur Werbung für
531 3207 883 3299 die Sangessache.
