2479 3508
407 112 2234 219 5.) Es ist selbstverständlich, daß jeder Chor die Deutsche Sängerbundeszeitung hält,
498 210 2234 266 die als alleiniges amtliches Organ des DSB die Verbindung unter der Sängerschaft
493 261 2231 327 Großdeutschlands unterhält und alle amtlichen Anordnungen veröffentlicht. Sie ist
488 317 1973 380 nach dem Wegfall der Süddeutschen Sängerzeitung doppelt notwendig.
273 427 702 529 III. Finanzielles:
498 507 2234 607 Wie beim Gausängertag bekanntgegeben, ist es dringend notwendig, alle Chöre
493 600 2229 658 wiederholt auf die rechtzeitige Erfüllung ihrer Beitragspflicht hinzuweisen. Von der
493 649 2229 710 Möglichkeit, säumige Chöre dem DSB zwecks Ausschluß namhaft zu machen, wird
505 712 2236 763 Gebrauch gemacht werden, wenn es nicht gelingt, diese künftig zur prompten
500 758 2229 827 Beitragszahlung zu bringen. Es kann nicht verlangt werden, daß solche Chöre durch
493 822 2229 890 die Sängerkreise, oder gar durch den Sängergau mehrmals gemahnt werden müssen
500 880 1758 956 und diese Mahnungen dann vielleicht noch erfolglos bleiben.
498 919 2229 1000 Wenn die Chöre durch ihre Sängerkreise mit dem Beitragssoll belastet sind, ist es
493 993 2229 1080 ihre Pflicht, die Beiträge ungesäumt zu zahlen und damit den übergeordneten Stellen
493 1049 1929 1139 die Möglickeit geben, für eine geordnete Finanzwirtschaft einzustehen.
500 1105 2224 1178 Einem ausgeschlossenen Chor ist es bei Strafe verboten, sich gesänglich in der
493 1178 2224 1232 Öffentlichkeit zu betätigen. Darunter rechnet z. B. auch das chormäßige Singen in
510 1227 2234 1283 Wirtslokalen und auch die Abhaltung von Chorproben. Eine Wiederaufnahme in
500 1283 2222 1344 den DSB ist nur möglich, wenn die rückständigen Beiträge vorher restlos bezahlt
493 1332 2224 1393 sind. Damit ist die Drückebergerei in der Beitragszahlung gegenüber anderen
502 1383 2231 1446 Chören, die ihre Pflicht erfüllen, unterbunden. Sogenannte „ruhende Chöre" gibt es
493 1444 2224 1527 hinsichtlich der Beitragszahlung nicht. Der Beitrag ist so gering bemessen, daß es
502 1497 1512 1568 jedem Chor möglich sein muß, ihn aufzubringen.
502 1553 2224 1641 Die zum Heeresdienst einberufenen Sänger sind, wie bekannt, von der Beitrags-
498 1619 2227 1685 zahlung während dieser Zeit befreit. Sie sind von den Chören namentlich an die
502 1666 2231 1729 Sängerkreise zu melden. Für die wahrheitsgetreuen Angaben haftet der Chorführer
498 1724 2234 1802 und er trägt auch die volle Verantwortung dafür, daß nur Sänger, nicht auch passive
502 1783 1785 1841 Mitglieder als beitragsfrei im Heeresdienst angegeben werden.
498 1824 1958 1914 Die Zahlung der Beiträge geht nur über den zuständigen Sängerkreis.
280 1931 2229 2036 Und nun wollen wir uns auch im neunten Jahrzehnt unseres Sängergaues mit alter Liebe und
278 2022 2227 2085 Opferbereitschaft einsetzen für unser deutsches Lied. Aus und mit ihm wollen wir die sitt-
273 2080 2229 2173 lichen Kräfte unseres Volkes steigern helfen und dadurch beitragen zur Stärkung der Heimat-
285 2134 1054 2234 front und zur Erringung des Sieges.
978 2263 1551 2370 Mit deutschem Sangesgruß.
1136 2339 1397 2444 Heil Hitler !
576 2480 849 2561 Dr. Münch
451 2544 949 2636 stellv. Sängergauführer.
1741 2449 1892 2531 Horn
1563 2519 2080 2617 Sängergaugeschäftsführer
1644 2597 1995 2683 und Kassenwart
