2479 3508
1454 136 2214 259 Murg, den 24.August 1939.
1226 686 1436 808 an den
1218 784 1791 901 Männergesangverein
1216 890 1640 990 Binzgen
1562 978 1660 1035 1
408 1379 2027 1479 Wegen Abwesenheit des Unterzeichneten kommen wir erst
412 1462 2085 1534 heute dazu den Eingang Ihres Briefes vom 16.d.M. zu be-
412 1511 2114 1590 stätigen. Zunächst verbindlichen Dank für die Einladung.
408 1562 2002 1621 Recht gerne würden wir derselben Folge leisten, wenn
414 1613 2059 1677 dies irgendwie möglich wäre. Wegen Abwesenheit unseres
412 1664 2110 1723 Dirigenten haben wir aber seit Ende Juli bis zum 7.Sept.
412 1715 2059 1779 keine Singstunde mehr. Wir sind deshalb zur Zeit nicht
421 1762 2027 1832 in der Lage mit Liedervorträgen an die Öffentlichkeit
414 1813 2059 1868 zu treten und können somit zu unserem Bedauern auch an
412 1862 2085 1925 Ihrer Veranstaltung am kommenden Sonntag nicht teilneh-
414 1908 2063 1974 men. Es tut uns leid, diesen Bescheid geben zu müssen.
412 1961 2089 2012 Wir wären gerne Vgekommen, zumal Sie in Gemeinschaft mit
416 2004 2108 2080 Laufenburg ja bei uns schon 2 mal mitwirkten. Ausserdem
412 2063 2116 2140 ist uns ein früherer Besuch unseres Vereins bei Ihnen in
408 2106 2057 2172 Binzgen immernoch in angenehmer Erinnerung. Vielleicht
414 2163 2019 2250 bietet sich ein andermal Gelegenheit zu einem Besuch.
1281 2420 2119 2544 Mit deutschem Sängergruss !
1368 2561 1942 2669 Der Vereinsführer:
