2479 3508
1395 117 2081 237 Murg(B) 8. Nov. 1942.
379 379 1110 475 An den Männerchor Murg
374 465 1355 597 z.H. des Herrn Alf. Zimmermann
822 561 1074 695 Murg(B)
439 767 2237 947 Anlässlich meines am 11.11. stattfindenden 7o. Geburts-
448 923 2273 1038 tages hatte ich die Absicht, die Männerchormitglieder zu
448 1009 2273 1120 einem Umtrunk einzuladen. Dies ist aber wegen der augen-
448 1093 2299 1251 blicklichen Passivität des Männerchors und auch wegen der
448 1208 2280 1338 gegenwärtigen alkoholarmen Zeiten nicht möglich. Um mich
456 1326 2323 1410 aber doch für die vielen schön verlebten Stunden etwas er-
444 1424 2366 1546 kenntlich zu zeigen, habe ich bei der Sparkasse Murg zu be-
439 1503 2302 1642 liebiger Verwendung 60 RM auf das Konto Männerchor über-
456 1606 2270 1707 wiesen. Ich gebe mich der Hoffnung hin, wenn wieder nor-
456 1697 2304 1839 male Zeiten eingetreten sind,und der Männerchor wieder in
451 1791 2278 1916 alter Stärke auftreten kann, auch noch ein paar Jährlein
448 1904 1105 2028 mitwirken zu können.
1566 1973 2076 2100 Mit Sängergruss
1628 2098 2045 2218 Heil Hitler!
1398 2129 2119 2347 H. Binkert
