2479 3508
164 157 730 263 FRITZ JUNG
207 258 687 339 MALERMEISTER
281 324 632 394 MURG A. RH.
121 377 778 470 Bankkonto: Bezirkssparkasse Murg
326 440 576 508 Fernruf 236
1117 154 2386 306 Murg a. Rhein (Baden), den 6. Januar 1940
882 303 2439 412 An den Männerchor Murg z. Handen des Vereinsführers
1213 407 1817 498 Herrn A. Zimmermann
374 528 2297 627 Auf die Anfrage in Ihrem Schreiben v. 4.1.40 an mich, warum ich
377 602 2383 685 am 1. Januar d. J. so urplötzlich das Lokal zum Hirschen verlassen
374 665 2348 720 hätte, kann ich nur die Ihnen gegenüber persönlich geäussert Er-
374 720 2346 776 klärung wiederholen. Wenn Sie, wie Sie schrieben, diese meine Er-
372 766 2340 839 klärung nicht als die Begründung meines Wegganges klauben können,
379 819 2277 885 so tut mir dies leid, muss dies jedoch Ihnen selbst überlassen.
374 862 1944 925 Um den Vorgang nochmals kurz zu streifen, folgend:
372 905 2318 976 Es ist richtig, dass ich am Tisch vor meinem Weggang sagte, dass
377 968 2363 1034 ich in etwa 15 Minuten wieder zurück sei. Diese Äusserung tat ich,
377 1014 2346 1074 um mir bei einer normalen Verabschiedung die Bitten, doch hier zu
374 1059 2396 1132 bleiben, zu ersparen. Ich habe also gewissermasen eine Notlüge ge-
377 1117 2285 1173 braucht, um unauffälliger wegzukommen, welche Praxis von andern
369 1155 2376 1236 Sängern schon oft gebraucht wurde. Als Sie mich vor der Türe wört-
372 1213 2340 1276 lich fragten: " Fritz, kommst du nicht mehr ? hatte ich ein Not-
372 1261 2151 1329 lüge nicht mehr nötig, sondern antwortete wörtlich:" Nein."
369 1297 2363 1377 Auf Ihre weitere Frage:" Warum nicht ? antwortete ich wieder wörtlich:
369 1370 2396 1446 " Weil ich in diesem Rauch nicht allein Tenor singen kann, ich kann
364 1413 1297 1476 kaum atmen, geschweige singen."
364 1461 1845 1529 Dies ist der tatsächliche Hergang an jenem abend.
372 1504 2373 1590 Ich kann also nur nochmals versichern, dass diese meine Begründung
361 1575 1163 1628 meines Wegganges wahr ist.
372 1587 2394 1691 Wenn ich durch meinen Weggang den Verein, insbesondere aber Sie und
361 1671 2310 1731 den Dirigenten in eine gewisse Verlegenheit brachte, so ist dies
359 1698 2366 1792 mir verständlich, muss jedoch meinen Willen zu einer vorsätzlich
369 1769 2338 1832 Sänger-Indisziplin, auf welche Sie in Ihrem Schreiben so zwischen
364 1812 2308 1878 den Zeilen abhoben, entschieden in Abrede stellen. Vielmehr gebe
359 1863 2328 1931 ich zu, dass die Art meines Wegganges, vieleicht der Kürze wegen,
356 1911 2308 1987 etwas unüberlegt und deshalb unangebracht war. Ich bitte dies zu
356 1961 796 2050 entschuldigen.
1365 2045 1845 2151 Heil - Hitler!
1736 2169 2176 2320 F.Jung
