2479 3508
164 140 976 221 Sänzerkreisgruppe II Hochrhein
1313 171 1823 259 Tiengen, im März 1944.
209 216 914 297 im Gau XV (Baden) des D. S.B.
586 513 1370 617 Sängerkameraden!
449 639 2281 693 Mit Wirkung vom 1. I. 44 ist im Gau XV des D.S.B., Badischer Sängerbund, die Neueinteilung der
377 684 2284 738 Sängerkreise in Kraft getreten. Nach dieser Einteilung entsprechen die Sängerkreisgebiete in Zukunft
385 729 2276 783 dem Gebiet der politischen Kreise. Unser bisheriger Sängerkreis trägt jetzt die Bezeichnung "Sänger-
375 769 1975 819 Kreisgruppe Hochrhein" und besteht aus den Sängerkreisen Waldshut und Säckingen.
470 821 2284 883 Durch die Neueinteilung mußten wir den „Liederkranz St. Blasien" an die Sängerkreisgruppe Freiburg
380 881 973 938 (Sängerkreis Neustadt) abtreten.
470 912 2276 978 Wir möchten es daher nicht versäumen, den Sängerkameraden des „Liederkranz St. Blasien" un-
377 959 2276 1018 sern herzlichen Dank für ihre Treue während der Zeit, in der wir mit ihnen arbeiten durf-
389 1011 1752 1068 ten, zu danken und ihnen alles Gute für die fernere Zukunft zu wünschen.
470 1056 2284 1125 Neu erhält die Sängerkreisgruppe im Sängerkreis Waldshut die Männerchöre in Bettmaringen und
385 1104 2276 1163 Schwaningen. Zum Sängerkreis Säckingen kommen die Chöre von Rheinfelden, Nollingen, Wehr, Öf-
394 1163 748 1211 lingen und Karsau.
458 1189 2284 1253 Diesen Vereinen gilt unser herzlicher Willkommengruß und die Bitte um eifrige Mitarbeit im
387 1244 2276 1301 Dienste unseres herrlichen deutschen Liedes. Mit der Führung der Sängerkreisgruppe wurde Photo-
389 1289 2281 1351 graph Carl Bächle in Tiengen betraut. Er leitet gleichzeitig den Sängerkreis Waldshut. Zum Führer
380 1329 2276 1384 des Sängerkreises Säckingen wurde Apotheker Gustav Schwer in Laufenburg, ein bewährter, treuer
389 1384 852 1441 Sängerkamerad, ernannt.
458 1420 1424 1507 Die Arbeitsgebiete sind wie folgt aufgeteilt:
1132 1505 1522 1593 1. Arbeitsgebiete:
1173 2077 1488 2184 2. Dienstweg:
458 2488 1792 2566 Für die Hauptsängerkreise verbleibt es bei dem bisherigen Verfahren.
1118 2580 1550 2668 3. Veranstaltungen:
