2479 3508
340 313 2173 404 Kreisgruppenchorleiter (also für beide Kreise) ist der bisherige Kreischorleiter August Flaig,
258 393 816 446 Berufsschullehrer in Tiengen.
334 434 2166 514 Die Verrechnung geht in Zukunft wie bisher für beide Kreise, also für die ganze Sängerkreis-
258 500 2041 587 gruppe, durch den Sängerkreisgruppenrechner, Prokurist Wilhelm Schauenburg, Tiengen.
340 560 2168 631 Kameraden! Haltet uns wie bisher die Treue. Die Pflege des deutschen Liedes ist Dienst am Va-
260 617 443 683 terlande!
1609 681 1938 772 Heil Hitler!
1474 770 2066 859 Die Sängerkreisgruppenleitung:
1465 873 2098 1044 C. Bächle.
1047 3153 1364 3240 J. Fr. Greiner, Tiengen
