3508 2479
2010 209 3398 353 Murg/Baden, den 3.Dezember 1943.
601 510 856 604 Herrn
598 601 1183 703 Theodor Grass
591 696 1189 781 Bürgermeister
588 791 1208 915 Murg/Bd.
601 918 3222 1055 Sie haben uns von dem seitens der Gemeinde für ihre Soldaten-
601 1039 2990 1160 Päckchen gesammelten Mehl 9 Pfund abgelassen. Ich danke
601 1104 1644 1199 Ihnen verbindlich dafür.
588 1196 3026 1304 Als Äquivalent gestatte ich mir, Ihnen anbei RM 25.-- zu
595 1287 3091 1366 übergeben mit der Bitte, den Betrag zu Gunsten des Heimat-
595 1349 3062 1454 briefes zu verwenden, dabei den Namen unseres Chors nicht
591 1431 2817 1546 zu veröffentlichen, sondern als Spender, „ ungenannt "
591 1493 1046 1591 anzugeben.
2029 1676 2672 1804 Heil Hitler !
1902 1771 2702 1928 Der Vereinsführer:
