2479 3508
620 365 806 482 Herrn
630 470 1114 576 Fritz Jung
618 543 1012 641 Malermeister
622 614 1037 699 Murg /Bd.
1315 167 2141 278 Murg, den 10.Oktober 1939.
620 826 1436 922 Lieber Sangesbruder Jung !
634 943 2114 1037 Ich habe Ihren Brief vom 1.Oktober d.J. erhalten
636 1025 2016 1092 und von Ihren Ausführungen Kenntnis genommen.
639 1066 2108 1135 Ihre Vermutung war richtig. Wir sind bereits da-
639 1119 2058 1183 bei gewesen, die erforderlichen Vorbereitungen
639 1164 2087 1240 zu Ihrer Ehrung zu treffen und zwar sollte die-
649 1210 2173 1290 selbe nicht nur aus Anlass des 60sten Geburtstages
647 1275 2143 1342 erfolgen, sondern wir wollten bei der Gelegenheit
649 1327 2139 1384 auch für die vielen Jahre Ihrer Treue zur Sänger-
639 1373 2183 1448 sache in schlichter Form unseren Dank zum Ausdruck
643 1430 891 1500 bringen.
639 1476 2031 1557 Im Hinblick auf den Ernst der Stunde will ich
645 1548 2074 1611 Ihrem Wunsche nachkommen und den Chor nicht zu-
643 1599 1021 1678 sammenrufen.
636 1640 2049 1736 Aber eines lass ich mir nicht nehmen, nämlich,
637 1690 2116 1801 Ihnen im Namen des Vereins sowie auch persönlich
645 1772 2064 1832 auf diesem Wege herzlich Glück für das fernere
639 1816 2091 1893 Wohlergehen zu wünschen. Möge es Ihnen vergönnt
651 1864 1968 1926 sein noch recht viele Jahre in der gleichen
639 1914 2116 1983 geistigen und körperlichen Frische zu wirken wie
639 1972 839 2051 heute.
1365 2056 1780 2179 Heil Hitler!
1240 2160 1843 2275 Der Vereinsführer:
1206 2251 1872 2360 A. Zimmermann
