2479 3508
222 218 871 332 Männerchor Murg
224 319 881 409 (Alter Schweizer-Männerchor)
1437 224 2319 353 Murg, den 26.Dezember 1940.
636 610 862 713 An den
631 709 1265 825 Männergesangverein,
627 797 1177 905 Laufenburg/Baden.
629 1004 2278 1088 Anlässlich des letzten Konzertes versprachen sie dem
638 1056 2297 1134 Unterzeichneten demnächst einmal einen Besuch bei uns
636 1108 2334 1196 in Murg zu machen. Ich möchte Sie nun beim Wort nehmen
636 1162 1394 1241 und lade Sie hiermit auf
851 1218 1758 1293 1. Januar 1941, abends 8 Uhr,
789 1274 1864 1355 ins Gasthaus" zum Murgtal“ in Murg
629 1327 2289 1431 zu einem internen Abend unseres Chors freundlich ein.
631 1394 2355 1489 Wir wollen denselben in kameradschaftlicher Weise durch
642 1452 1726 1521 wahllose Liedervorträge verbringen.
629 1508 2358 1599 Wir würden uns freuen, Ihre Zusage zu bekommen. Ich bin
638 1580 2263 1644 überzeugt, dass wir gegebenenfalls ein Stück Sänger-
636 1625 2243 1698 kameradschaft, zwar des Krieges wegen in schlichter,
638 1677 2254 1743 aber umso herzlicherer Form erleben. Vielleicht darf
636 1720 2340 1791 ich sie bitten, auch einige Lieder zum besten zu geben.
638 1767 2353 1843 zwischendurch werden noch 2 verdiente Kameraden unseres
631 1817 2325 1894 Chors geehrt. Auch wird ein kurzer, nur einige Minuten
627 1853 2340 1944 dauernder Tätigkeitsbericht über das Jahr 1940 gegeben,
627 1905 2230 2006 der unsere Jahreshauptversammlung in Anbstracht des
627 1959 1317 2017 Krieges ersetzen wird.
629 2008 2282 2108 Das Treffen haben wir auf 8 Uhr festgelegt, damit sie
627 2082 2248 2181 die Möglichkeit haben mit dem 8 Uhr-Zug herzufahren.
1440 2177 1875 2286 Heil Hitler !
1347 2297 1961 2403 Der Vereinsführer:
1477 2478 1727 2528 A.
