2479 3508
1333 212 2204 342 Rhina, den 8.Dezember 1941.
420 422 1149 540 Mein Lieber! Burger
422 550 2207 630 Schon seit bald 2 Wochen wollte ich Dir schreiben. Deinen
427 616 2266 691 und des Bürgermeisters Brief habe ich dankend bekommen. Den
427 673 2282 769 empfohlenen Weg nach Säckingen musste ich nicht einschlagen,
434 720 2110 784 weil ich wider Erwarten von anderer Seite und zwar vom
425 772 2237 835 Richard Laule aus Stühlingen 5 ltr. Obstschnaps auftreiben
434 824 2327 894 konnte. Ich war wirklich sehr froh. So konnte ich nun unseren
432 871 2266 953 Soldaten wirklich nette Weihnachts-Päckchen, je im Wert von
434 925 1069 1020 RMk. 5.--, schicken.
432 979 2235 1071 Das von Dir gestiftete Lied "Das alte Lied“ ist inzwischen
446 1057 2174 1121 gekommen und kostete RMk. 7.95. Es wird bereits eingeübt
446 1116 2098 1201 und Dir am Neujahrstag-Abend vorgetragen. Da haben wir
446 1156 2204 1230 nämlich wie üblich unser Neujahrstreffen, zu dem ich Dich
446 1206 2174 1284 hiermit schon heute einladen möchte. Eine Entschuldigung
446 1258 2261 1336 gibt es nicht. Wir hoffen Dich ganz bestimmt an jenem Abend
444 1307 2310 1395 in unseren Reihen zu sehen. Du kannst nun gewiss nicht sagen,
448 1355 1796 1433 ich hätte Dich nicht früh genug verständigt.
437 1418 1982 1499 Herzlichen Gruss und auf Wiedersehen spätestens an
441 1480 1888 1581 Weihnachten, dann aber wieder am 1.Januar 19342.
1310 1555 1466 1680 Dein
