<?xml version="1.0" encoding="UTF-8" standalone="yes"?>
<PcGts xmlns="http://schema.primaresearch.org/PAGE/gts/pagecontent/2013-07-15" xmlns:xsi="http://www.w3.org/2001/XMLSchema-instance" xsi:schemaLocation="http://schema.primaresearch.org/PAGE/gts/pagecontent/2013-07-15 http://schema.primaresearch.org/PAGE/gts/pagecontent/2013-07-15/pagecontent.xsd">
    <Metadata>
        <Creator>prov=READ-COOP:name=PyLaia@TranskribusPlatform:version=2.20.0:model_id=50870:lm=none:date=08_02_2025_15:55</Creator>
        <Created>2025-01-23T13:13:42.509+01:00</Created>
        <LastChange>2025-03-14T15:51:20.194+01:00</LastChange>
    </Metadata>
    <Page imageFilename="0001_p001.jpg" imageWidth="3508" imageHeight="2479">
        <ReadingOrder>
            <OrderedGroup id="ro_1744120324254" caption="Regions reading order">
                <RegionRefIndexed index="0" regionRef="r"/>
                <RegionRefIndexed index="1" regionRef="r_2"/>
                <RegionRefIndexed index="2" regionRef="r_3"/>
            </OrderedGroup>
        </ReadingOrder>
        <TextRegion id="r" custom="readingOrder {index:0;}">
            <Coords points="1846,237 3127,237 3127,454 1846,454"/>
            <TextLine id="r_tl_1" custom="readingOrder {index:0;} place {offset:0; length:4;} date {offset:10; length:17;when:17.10.1942;}">
                <Coords points="1828,374 2006,408 2164,363 2517,363 2668,415 2743,370 3017,377 3014,288 2678,305 2489,226 2332,230 2201,302 2006,295 1927,247 1824,291"/>
                <Baseline points="1845,352 1890,352 1935,355 1980,355 2025,358 2069,355 2114,355 2159,358 2204,355 2249,352 2293,352 2338,355 2383,355 2428,358 2473,358 2517,358 2562,358 2602,354 2602,354 2649,358 2694,358 2738,355 2783,358 2828,361 2873,361 2918,358 2962,358 3007,361 3025,361"/>
                <TextEquiv>
                    <Unicode>Murg, den 17. Oktober 1942.</Unicode>
                </TextEquiv>
            </TextLine>
            <TextEquiv>
                <Unicode></Unicode>
            </TextEquiv>
        </TextRegion>
        <TextRegion id="r_2" custom="readingOrder {index:1;}">
            <Coords points="502,502 2155,502 2155,867 502,867"/>
            <TextLine id="r_2_tl_1" custom="readingOrder {index:0;}">
                <Coords points="531,617 573,603 607,624 631,610 679,610 696,627 717,627 758,607 771,617 785,603 802,617 830,617 830,531 741,511 689,538 665,531 648,542 586,494 531,490"/>
                <Baseline points="552,591 597,591 642,591 686,588 731,591 776,588 821,591 839,591"/>
                <TextEquiv>
                    <Unicode>An den</Unicode>
                </TextEquiv>
            </TextLine>
            <TextLine id="r_2_tl_2" custom="readingOrder {index:1;} organization {offset:0; length:34;}">
                <Coords points="531,761 655,768 758,713 1176,765 1330,713 1498,771 1636,710 1684,754 2054,751 2054,655 1828,672 1660,576 1581,634 1286,590 1179,631 1097,583 778,645 531,627"/>
                <Baseline points="552,695 597,695 642,695 686,695 731,695 776,692 821,695 866,695 910,695 955,695 1000,695 1045,695 1090,695 1134,695 1179,695 1224,698 1269,698 1314,701 1358,698 1403,701 1448,698 1493,701 1538,701 1582,704 1627,704 1672,704 1717,707 1762,704 1806,707 1851,707 1896,704 1941,707 1986,710 2030,710 2060,713"/>
                <TextEquiv>
                    <Unicode>Sängerkreis 2 im Gau 15 des D.S.B.,</Unicode>
                </TextEquiv>
            </TextLine>
            <TextLine id="r_2_tl_3" custom="readingOrder {index:2;} place {offset:0; length:19;}">
                <Coords points="538,898 1711,885 1711,765 1605,737 1413,782 1279,747 984,782 538,758"/>
                <Baseline points="558,818 600,824 645,824 689,827 734,827 779,827 824,827 869,830 913,827 958,830 1003,827 1048,827 1093,830 1137,830 1182,833 1227,830 1272,830 1317,830 1361,827 1406,830 1451,827 1496,830 1541,830 1585,830 1630,830 1675,833 1720,833"/>
                <TextEquiv>
                    <Unicode>Tiengen /Hochrhein.</Unicode>
                </TextEquiv>
            </TextLine>
            <TextEquiv>
                <Unicode></Unicode>
            </TextEquiv>
        </TextRegion>
        <TextRegion id="r_3" custom="readingOrder {index:2;}">
            <Coords points="478,895 3412,895 3412,1955 478,1955"/>
            <TextLine id="r_3_tl_1" custom="readingOrder {index:0;}">
                <Coords points="538,1011 2908,998 3031,1035 3178,1018 3178,936 2962,895 2791,946 2380,905 2335,946 2260,909 2136,943 1917,891 1574,950 1498,902 1385,933 1159,902 1125,939 1046,891 535,909"/>
                <Baseline points="558,982 603,979 648,982 692,979 737,979 782,979 827,979 872,979 916,979 961,982 1006,982 1051,985 1096,985 1140,985 1185,985 1230,988 1275,988 1320,988 1364,988 1409,988 1454,988 1499,988 1544,988 1588,991 1633,991 1678,991 1723,994 1768,991 1812,991 1857,991 1902,991 1947,991 1992,991 2036,991 2081,991 2126,994 2171,991 2216,994 2260,997 2305,997 2350,997 2395,997 2440,997 2484,997 2529,997 2574,997 2619,997 2664,997 2708,997 2753,1000 2798,1000 2843,1000 2888,1003 2932,1003 2977,1003 3022,1003 3067,1003 3112,1003 3156,1000 3186,1000"/>
                <TextEquiv>
                    <Unicode>Hiermit melde ich, dass wir seit 4 Wochen keine ersten Tenöre</Unicode>
                </TextEquiv>
            </TextLine>
            <TextLine id="r_3_tl_2" custom="readingOrder {index:1;}">
                <Coords points="538,1056 1845,1063 2092,1107 2177,1073 2246,1118 2733,1080 3182,1128 3178,1022 3093,1008 538,1011"/>
                <Baseline points="558,1048 603,1048 648,1048 692,1048 737,1048 782,1048 827,1051 872,1051 916,1051 961,1048 1006,1048 1051,1051 1096,1051 1140,1051 1185,1054 1230,1054 1275,1054 1320,1057 1364,1057 1409,1057 1454,1057 1499,1057 1544,1057 1588,1060 1633,1060 1678,1060 1723,1060 1768,1060 1812,1060 1857,1063 1902,1060 1947,1063 1992,1060 2036,1060 2081,1063 2126,1066 2171,1066 2216,1066 2260,1066 2305,1066 2350,1066 2395,1069 2440,1066 2484,1069 2529,1069 2574,1069 2619,1069 2664,1069 2708,1069 2753,1069 2798,1072 2843,1072 2888,1075 2932,1072 2977,1075 3022,1075 3067,1075 3112,1075 3156,1075 3192,1072"/>
                <TextEquiv>
                    <Unicode>mehr haben. Wir sind deshalb vorerst leider nicht mehr in der</Unicode>
                </TextEquiv>
            </TextLine>
            <TextLine id="r_3_tl_3" custom="readingOrder {index:2;}">
                <Coords points="535,1131 912,1169 974,1135 1540,1138 1594,1173 1800,1145 1780,1063 535,1063"/>
                <Baseline points="555,1117 600,1120 645,1120 689,1120 734,1120 779,1123 824,1120 869,1120 913,1120 958,1123 1003,1120 1048,1123 1093,1120 1137,1123 1182,1123 1227,1123 1272,1123 1317,1123 1361,1126 1406,1126 1451,1126 1496,1128 1541,1126 1585,1128 1630,1128 1675,1128 1720,1128 1765,1131 1806,1134"/>
                <TextEquiv>
                    <Unicode>Lage, öffentlich aufzutreten.</Unicode>
                </TextEquiv>
            </TextLine>
            <TextLine id="r_3_tl_4" custom="readingOrder {index:3;}">
                <Coords points="545,1231 3278,1262 3274,1166 2949,1217 2746,1135 2613,1183 2308,1142 2160,1207 1889,1125 1632,1183 1464,1135 970,1173 545,1138"/>
                <Baseline points="564,1215 609,1218 654,1221 698,1221 743,1218 788,1218 833,1221 878,1221 922,1221 967,1221 1012,1221 1057,1224 1102,1224 1146,1224 1191,1227 1236,1224 1281,1227 1326,1227 1370,1227 1415,1227 1460,1227 1505,1230 1550,1230 1594,1230 1639,1230 1684,1230 1729,1233 1774,1233 1818,1233 1863,1236 1908,1233 1953,1236 1998,1236 2042,1236 2087,1239 2132,1239 2177,1239 2222,1239 2266,1239 2311,1239 2356,1242 2401,1239 2446,1242 2490,1242 2535,1242 2580,1242 2625,1242 2670,1242 2714,1245 2759,1245 2804,1242 2849,1245 2894,1245 2938,1245 2983,1245 3028,1245 3073,1248 3118,1248 3162,1251 3207,1251 3252,1251 3285,1251"/>
                <TextEquiv>
                    <Unicode>Bei dieser Gelegenheit teile ich mit, dass die Post für unseren</Unicode>
                </TextEquiv>
            </TextLine>
            <TextLine id="r_3_tl_5" custom="readingOrder {index:4;} organization {offset:0; length:6;wikiData:Q133269730;} date {offset:10; length:9;when:01.11.1942;}">
                <Coords points="555,1306 1906,1306 2112,1320 2177,1368 2345,1317 2589,1320 2668,1372 2764,1341 2832,1375 2914,1323 2966,1358 3117,1320 3209,1375 3305,1351 3305,1248 3096,1289 2842,1248 555,1231"/>
                <Baseline points="573,1287 618,1287 663,1287 707,1290 752,1287 797,1287 842,1290 887,1287 931,1290 976,1290 1021,1290 1066,1290 1111,1293 1155,1293 1200,1293 1245,1293 1290,1293 1335,1296 1379,1293 1424,1296 1469,1296 1514,1296 1559,1299 1603,1299 1648,1299 1693,1302 1738,1302 1783,1302 1827,1302 1872,1305 1917,1305 1962,1305 2007,1305 2051,1308 2096,1308 2141,1308 2186,1308 2231,1308 2275,1308 2320,1308 2365,1311 2410,1311 2455,1311 2499,1311 2544,1308 2589,1308 2634,1308 2679,1314 2723,1314 2768,1314 2813,1314 2858,1314 2903,1317 2947,1317 2992,1320 3037,1320 3082,1320 3127,1320 3171,1317 3216,1317 3261,1320 3306,1323 3315,1323"/>
                <TextEquiv>
                    <Unicode>Verein ab 1.11.1942 wieder nach Murg geschickt werden kann, weil</Unicode>
                </TextEquiv>
            </TextLine>
            <TextLine id="r_3_tl_6" custom="readingOrder {index:5;} place {offset:24; length:4;}">
                <Coords points="545,1389 1361,1375 1450,1420 1608,1382 1745,1426 1872,1382 1999,1423 2153,1389 2153,1317 545,1289"/>
                <Baseline points="564,1355 609,1358 654,1358 698,1358 743,1358 788,1358 833,1358 878,1358 922,1358 967,1358 1012,1361 1057,1361 1102,1361 1146,1364 1191,1364 1236,1367 1281,1364 1326,1367 1370,1364 1415,1367 1460,1364 1505,1367 1550,1367 1594,1370 1639,1370 1684,1370 1729,1373 1774,1376 1818,1373 1863,1373 1908,1373 1953,1373 1998,1373 2042,1373 2087,1373 2132,1376 2162,1376"/>
                <TextEquiv>
                    <Unicode>der Unterzeichnete nach Murg umzieht.</Unicode>
                </TextEquiv>
            </TextLine>
            <TextLine id="r_3_tl_7" custom="readingOrder {index:6;}">
                <Coords points="549,1474 867,1509 960,1464 1399,1502 2410,1485 2726,1540 2887,1502 2887,1396 2839,1392 2270,1444 2150,1389 2071,1440 1697,1426 1564,1378 1385,1426 1234,1378 1155,1416 549,1389"/>
                <Baseline points="567,1454 612,1457 657,1460 701,1460 746,1460 791,1463 836,1463 881,1463 925,1463 970,1463 1015,1466 1060,1466 1105,1466 1149,1466 1194,1466 1239,1466 1284,1469 1329,1469 1373,1469 1418,1469 1463,1472 1508,1469 1553,1469 1597,1472 1642,1472 1687,1472 1732,1472 1777,1475 1821,1478 1866,1475 1911,1475 1956,1475 2001,1478 2045,1475 2090,1478 2135,1478 2180,1478 2225,1481 2269,1484 2314,1481 2359,1481 2404,1481 2449,1484 2493,1484 2538,1484 2583,1487 2628,1487 2673,1490 2717,1490 2762,1487 2807,1487 2852,1490 2894,1490"/>
                <TextEquiv>
                    <Unicode>Was macht die anfangs dieses Jahres für unser Mitglied-</Unicode>
                </TextEquiv>
            </TextLine>
            <TextLine id="r_3_tl_8" custom="readingOrder {index:7;} person {offset:0; length:17;firstname:Julius; lastname:Sutter;} sic {offset:7; length:10;correction:Suter;}">
                <Coords points="535,1584 634,1550 703,1605 854,1536 888,1560 1018,1543 1142,1598 1238,1591 1282,1553 1320,1570 1317,1485 1231,1505 960,1464 843,1509 727,1464 531,1468"/>
                <Baseline points="555,1532 600,1532 645,1532 689,1529 734,1532 779,1532 824,1535 869,1535 913,1535 958,1535 1003,1535 1048,1538 1093,1538 1137,1538 1182,1538 1227,1538 1272,1535 1317,1538 1326,1538"/>
                <TextEquiv>
                    <Unicode>Julius S u t e r.</Unicode>
                </TextEquiv>
            </TextLine>
            <TextLine id="r_3_tl_9" custom="readingOrder {index:8;}">
                <Coords points="1365,1567 1615,1598 1697,1553 1776,1591 2239,1557 2657,1608 2657,1498 1365,1488"/>
                <Baseline points="1385,1538 1430,1541 1475,1538 1520,1541 1565,1544 1609,1544 1654,1547 1699,1547 1744,1547 1789,1547 1833,1550 1878,1547 1923,1550 1968,1547 2013,1547 2057,1550 2102,1550 2147,1550 2192,1550 2237,1553 2281,1553 2326,1553 2371,1553 2416,1553 2461,1553 2505,1553 2550,1553 2595,1553 2640,1550 2667,1550"/>
                <TextEquiv>
                    <Unicode>beantragte goldene Gaunadel ?</Unicode>
                </TextEquiv>
            </TextLine>
            <TextLine id="r_3_tl_10" custom="readingOrder {index:9;}">
                <Coords points="1948,1711 2160,1694 2249,1728 2297,1701 2338,1735 2407,1735 2441,1704 2534,1704 2534,1612 2482,1642 2400,1605 2314,1629 2088,1608 2068,1629 1948,1632"/>
                <Baseline points="1965,1684 2010,1687 2054,1684 2099,1687 2144,1687 2189,1690 2234,1690 2278,1690 2323,1690 2368,1690 2413,1690 2458,1693 2502,1690 2544,1696"/>
                <TextEquiv>
                    <Unicode>Heil Hitler !</Unicode>
                </TextEquiv>
            </TextLine>
            <TextLine id="r_3_tl_11" custom="readingOrder {index:10;} person {offset:4; length:13;firstname:Alfons; lastname:Zimmermann;}">
                <Coords points="1769,1814 1865,1845 2088,1814 2143,1845 2397,1852 2479,1810 2572,1817 2572,1756 2486,1714 2434,1742 2338,1735 2297,1701 2153,1742 1930,1701 1769,1728"/>
                <Baseline points="1789,1792 1833,1789 1878,1789 1923,1792 1968,1789 2013,1789 2057,1789 2102,1792 2147,1792 2192,1795 2237,1795 2281,1795 2326,1795 2371,1798 2416,1798 2461,1798 2505,1798 2550,1798 2580,1803"/>
                <TextEquiv>
                    <Unicode>Der Vereinsführer:</Unicode>
                </TextEquiv>
            </TextLine>
            <TextEquiv>
                <Unicode></Unicode>
            </TextEquiv>
        </TextRegion>
    </Page>
</PcGts>
