<?xml version="1.0" encoding="UTF-8" standalone="yes"?>
<PcGts xmlns="http://schema.primaresearch.org/PAGE/gts/pagecontent/2013-07-15" xmlns:xsi="http://www.w3.org/2001/XMLSchema-instance" xsi:schemaLocation="http://schema.primaresearch.org/PAGE/gts/pagecontent/2013-07-15 http://schema.primaresearch.org/PAGE/gts/pagecontent/2013-07-15/pagecontent.xsd">
    <Metadata>
        <Creator>prov=READ-COOP:name=PyLaia@TranskribusPlatform:version=2.20.0:model_id=50870:lm=none:date=08_02_2025_15:58</Creator>
        <Created>2025-01-23T13:12:48.839+01:00</Created>
        <LastChange>2025-02-11T21:10:22.174+01:00</LastChange>
        <TranskribusMetadata docId="6490232" pageId="89844025" pageNr="1" tsid="228118029" status="GT" userId="134428" imgUrl="https://files.transkribus.eu/Get?id=ZNZMFQTTASVFNNAQCRYNMKHK&amp;fileType=view" xmlUrl="https://files.transkribus.eu/Get?id=NSBUVACYGGSFQNZYBWHBUEGA" imageId="74858710"/>
    </Metadata>
    <Page imageFilename="p001.jpg" imageWidth="2479" imageHeight="3508">
        <ReadingOrder>
            <OrderedGroup id="ro_1741262805991" caption="Regions reading order">
                <RegionRefIndexed index="0" regionRef="r"/>
                <RegionRefIndexed index="1" regionRef="r_2"/>
            </OrderedGroup>
        </ReadingOrder>
        <TextRegion id="r" custom="readingOrder {index:0;}">
            <Coords points="1208,669 2204,669 2204,817 1208,817"/>
            <TextLine id="r_tl_1" custom="readingOrder {index:0;} place {offset:0; length:5;} date {offset:11; length:17;when:18.12.1941;}">
                <Coords points="1242,754 1514,747 1621,801 1757,751 1932,790 1989,756 2159,794 2156,695 1995,715 1941,670 1846,708 1657,667 1500,692 1239,665"/>
                <Baseline points="1253,737 1298,737 1343,740 1388,743 1433,743 1477,746 1522,746 1567,749 1612,749 1656,749 1701,749 1746,746 1791,749 1836,749 1880,752 1925,752 1970,755 2015,758 2060,758 2104,758 2149,758 2164,758"/>
                <TextEquiv>
                    <Unicode>Rhina, den 18. Dezember 1941.</Unicode>
                </TextEquiv>
            </TextLine>
            <TextEquiv>
                <Unicode></Unicode>
            </TextEquiv>
        </TextRegion>
        <TextRegion id="r_2" custom="readingOrder {index:1;}">
            <Coords points="389,871 2371,871 2371,2116 389,2116"/>
            <TextLine id="r_2_tl_1" custom="readingOrder {index:0;} person {offset:12; length:4;}">
                <Coords points="438,1008 531,967 565,987 640,969 665,990 742,967 788,997 856,969 1010,974 1008,901 978,913 915,885 765,924 686,897 615,917 547,881 436,910"/>
                <Baseline points="450,958 495,958 540,958 585,958 629,961 674,961 719,958 764,961 809,961 853,961 898,961 943,964 988,964 1015,964"/>
                <TextEquiv>
                    <Unicode>Mein Lieber Carl !</Unicode>
                </TextEquiv>
            </TextLine>
            <TextLine id="r_2_tl_2" custom="readingOrder {index:1;} date {offset:24; length:12;when:10/12.12.1941;}">
                <Coords points="440,1101 688,1126 1062,1076 1124,1112 2070,1140 2152,1133 2152,1074 1905,1046 1855,1083 1791,1040 1643,1074 1535,1017 1267,1053 1169,1006 1087,1053 1010,1010 667,1049 438,1010"/>
                <Baseline points="453,1083 498,1083 543,1080 588,1083 632,1080 677,1083 722,1080 767,1083 812,1086 856,1086 901,1089 946,1089 991,1086 1035,1089 1080,1089 1125,1089 1170,1095 1215,1095 1259,1095 1304,1098 1349,1101 1394,1101 1439,1101 1483,1101 1528,1101 1573,1101 1618,1104 1662,1104 1707,1104 1752,1107 1797,1107 1842,1110 1886,1110 1931,1110 1976,1113 2021,1113 2065,1113 2110,1116 2155,1119"/>
                <TextEquiv>
                    <Unicode>Deine beiden Briefe vom 10.u.12.d.M. habe ich bekommen,</Unicode>
                </TextEquiv>
            </TextLine>
            <TextLine id="r_2_tl_3" custom="readingOrder {index:2;}">
                <Coords points="447,1142 1487,1155 1648,1199 1727,1155 2048,1174 2002,1119 447,1099"/>
                <Baseline points="459,1131 504,1131 549,1131 594,1134 638,1137 683,1134 728,1137 773,1137 818,1137 862,1140 907,1140 952,1140 997,1143 1041,1140 1086,1143 1131,1143 1176,1146 1221,1143 1265,1146 1310,1146 1355,1146 1400,1149 1444,1152 1489,1152 1534,1152 1579,1152 1624,1155 1668,1155 1713,1158 1758,1155 1803,1158 1848,1158 1892,1161 1937,1164 1946,1164 1955,1164 2000,1161 2045,1164 2054,1164"/>
                <TextEquiv>
                    <Unicode>ebenso, wie man so sagt "das Geld von der Post". Im</Unicode>
                </TextEquiv>
            </TextLine>
            <TextLine id="r_2_tl_4" custom="readingOrder {index:3;}">
                <Coords points="447,1196 701,1233 1094,1201 1230,1242 1280,1201 1387,1244 1630,1185 445,1149"/>
                <Baseline points="459,1182 504,1182 549,1185 594,1188 638,1188 683,1188 728,1188 773,1188 818,1188 862,1188 907,1188 952,1191 997,1194 1041,1191 1086,1194 1131,1194 1176,1194 1221,1194 1265,1197 1310,1200 1355,1200 1400,1203 1444,1200 1489,1203 1534,1203 1579,1203 1624,1206 1636,1206"/>
                <TextEquiv>
                    <Unicode>Namen des Chors herzlichen Dank dafür.</Unicode>
                </TextEquiv>
            </TextLine>
            <TextLine id="r_2_tl_5" custom="readingOrder {index:4;}">
                <Coords points="456,1276 2116,1319 2129,1226 454,1219"/>
                <Baseline points="468,1247 513,1256 558,1256 603,1256 647,1259 692,1259 737,1262 782,1262 826,1262 871,1262 916,1262 961,1265 1006,1268 1050,1268 1095,1271 1140,1268 1185,1268 1230,1268 1274,1271 1319,1271 1364,1274 1409,1274 1453,1274 1498,1277 1543,1280 1588,1280 1633,1280 1677,1283 1722,1283 1767,1283 1812,1286 1857,1286 1901,1286 1946,1286 1991,1286 2036,1292 2080,1289 2125,1292 2134,1289"/>
                <TextEquiv>
                    <Unicode>Es wäre nicht nötig gewesen, dass Du mir die gekürzten</Unicode>
                </TextEquiv>
            </TextLine>
            <TextLine id="r_2_tl_6" custom="readingOrder {index:5;}">
                <Coords points="452,1317 2093,1369 2068,1296 452,1271"/>
                <Baseline points="465,1301 510,1304 555,1307 600,1310 644,1310 689,1313 734,1310 779,1313 824,1316 868,1316 913,1316 958,1316 1003,1319 1047,1319 1092,1319 1137,1319 1182,1319 1227,1322 1271,1322 1316,1325 1361,1325 1406,1328 1450,1325 1495,1328 1540,1328 1585,1331 1630,1331 1674,1331 1719,1331 1764,1334 1809,1334 1854,1337 1898,1337 1943,1337 1988,1337 2033,1340 2077,1340 2098,1337"/>
                <TextEquiv>
                    <Unicode>45 Pfg. nachträglich zugehen lässt. Ich habe gedacht:</Unicode>
                </TextEquiv>
            </TextLine>
            <TextLine id="r_2_tl_7" custom="readingOrder {index:6;}">
                <Coords points="452,1369 1930,1407 1982,1398 1982,1353 449,1314"/>
                <Baseline points="465,1343 510,1352 555,1358 600,1361 644,1361 689,1361 734,1364 779,1364 824,1364 868,1364 913,1364 958,1367 1003,1367 1047,1367 1092,1370 1137,1373 1182,1373 1227,1373 1271,1373 1316,1373 1361,1376 1406,1376 1450,1379 1495,1379 1540,1379 1585,1382 1630,1382 1674,1382 1719,1382 1764,1382 1809,1382 1854,1382 1898,1385 1943,1385 1988,1391"/>
                <TextEquiv>
                    <Unicode>"Ein tüchtiger Kaufmann ist er und so hat er eben</Unicode>
                </TextEquiv>
            </TextLine>
            <TextLine id="r_2_tl_8" custom="readingOrder {index:7;}">
                <Coords points="456,1421 2159,1453 2156,1407 2091,1398 456,1371"/>
                <Baseline points="469,1405 516,1406 561,1409 606,1412 650,1409 695,1409 740,1415 785,1415 829,1415 874,1415 919,1415 964,1418 1009,1418 1053,1415 1098,1421 1143,1421 1188,1421 1233,1421 1277,1424 1322,1421 1367,1424 1412,1427 1456,1430 1501,1430 1546,1433 1591,1433 1636,1433 1680,1433 1725,1433 1770,1433 1815,1436 1859,1436 1904,1436 1949,1439 1994,1439 2039,1439 2083,1439 2128,1442 2164,1439"/>
                <TextEquiv>
                    <Unicode>Skonto abgezogen.“ Die Höhe des Abzugs kam mir zwar ein</Unicode>
                </TextEquiv>
            </TextLine>
            <TextLine id="r_2_tl_9" custom="readingOrder {index:8;} sic {offset:0; length:7;correction:bisschen;}">
                <Coords points="452,1471 2238,1505 2236,1444 452,1419"/>
                <Baseline points="465,1456 510,1456 555,1459 600,1462 644,1459 689,1459 734,1462 779,1462 824,1462 868,1465 913,1465 958,1468 1003,1468 1047,1468 1092,1468 1137,1468 1182,1471 1227,1468 1271,1471 1316,1471 1361,1474 1406,1477 1450,1480 1495,1480 1540,1480 1585,1480 1630,1483 1674,1483 1719,1483 1764,1483 1809,1483 1854,1486 1898,1483 1943,1483 1988,1486 2033,1486 2077,1489 2122,1492 2167,1492 2212,1492 2245,1495"/>
                <TextEquiv>
                    <Unicode>bischen abnormal vor. Aber lieber Gott, dachte ich weiter:</Unicode>
                </TextEquiv>
            </TextLine>
            <TextLine id="r_2_tl_10" custom="readingOrder {index:9;}">
                <Coords points="472,1528 2177,1564 2177,1514 470,1469"/>
                <Baseline points="483,1498 528,1504 573,1507 618,1507 662,1510 707,1513 752,1510 797,1516 841,1516 886,1516 931,1516 976,1516 1021,1519 1065,1519 1110,1522 1155,1522 1200,1522 1244,1522 1289,1525 1334,1525 1379,1525 1424,1528 1468,1528 1513,1528 1558,1528 1603,1528 1648,1531 1692,1534 1737,1534 1782,1534 1827,1537 1871,1534 1916,1534 1961,1537 2006,1540 2051,1537 2095,1543 2140,1540 2182,1543"/>
                <TextEquiv>
                    <Unicode>"Heut ist ja noch manches abnormal.“ Schlechter Kerl das,</Unicode>
                </TextEquiv>
            </TextLine>
            <TextLine id="r_2_tl_11" custom="readingOrder {index:10;}">
                <Coords points="456,1580 2279,1609 2277,1562 2059,1541 456,1523"/>
                <Baseline points="468,1555 513,1552 558,1555 603,1558 647,1558 692,1558 737,1561 782,1561 826,1564 871,1567 916,1567 961,1567 1006,1570 1050,1570 1095,1573 1140,1573 1185,1573 1230,1573 1274,1576 1319,1576 1364,1576 1409,1579 1453,1576 1498,1579 1543,1579 1588,1582 1633,1582 1677,1585 1722,1585 1767,1588 1812,1588 1857,1585 1901,1585 1946,1588 1991,1588 2036,1591 2080,1591 2125,1594 2170,1594 2215,1594 2260,1597 2283,1597"/>
                <TextEquiv>
                    <Unicode>wirst Du von mir denken. Schenkt man den Leuten was, machen</Unicode>
                </TextEquiv>
            </TextLine>
            <TextLine id="r_2_tl_12" custom="readingOrder {index:11;}">
                <Coords points="459,1614 654,1653 806,1623 863,1662 1224,1623 2188,1666 2186,1616 1927,1589 459,1578"/>
                <Baseline points="471,1603 516,1606 561,1609 606,1609 650,1612 695,1612 740,1609 785,1612 829,1615 874,1615 919,1615 964,1615 1009,1621 1053,1621 1098,1621 1143,1624 1188,1624 1233,1624 1277,1624 1322,1627 1367,1627 1412,1630 1456,1630 1501,1630 1546,1633 1591,1633 1636,1633 1680,1633 1725,1633 1770,1636 1815,1636 1859,1639 1904,1639 1949,1636 1994,1639 2039,1642 2083,1642 2128,1642 2173,1642 2191,1642"/>
                <TextEquiv>
                    <Unicode>sie noch faule Witze. Ja da kann man halt nichts machen.</Unicode>
                </TextEquiv>
            </TextLine>
            <TextLine id="r_2_tl_13" custom="readingOrder {index:12;}">
                <Coords points="459,1693 2275,1730 2272,1684 2052,1659 1875,1680 1775,1643 1700,1689 1619,1650 1541,1680 1435,1641 1051,1664 919,1628 865,1662 774,1621 543,1653 456,1614"/>
                <Baseline points="471,1674 516,1680 561,1680 606,1683 650,1683 695,1686 740,1686 785,1686 829,1686 874,1689 919,1689 964,1692 1009,1692 1053,1695 1098,1695 1143,1695 1188,1695 1233,1698 1277,1698 1322,1701 1367,1701 1412,1701 1456,1704 1501,1704 1546,1704 1591,1704 1636,1707 1680,1707 1725,1707 1770,1710 1815,1710 1859,1713 1904,1713 1949,1713 1994,1713 2039,1716 2083,1716 2128,1716 2173,1719 2218,1719 2263,1719 2277,1719"/>
                <TextEquiv>
                    <Unicode>Von Deinen übrigen Ausführungen habe ich Kenntnis genommen.</Unicode>
                </TextEquiv>
            </TextLine>
            <TextLine id="r_2_tl_14" custom="readingOrder {index:13;}">
                <Coords points="447,1759 2186,1786 2184,1727 1984,1716 447,1700"/>
                <Baseline points="459,1731 504,1731 549,1731 594,1731 638,1731 683,1734 728,1737 773,1737 818,1734 862,1734 907,1740 952,1740 997,1743 1041,1743 1086,1743 1131,1743 1176,1746 1221,1746 1265,1749 1310,1749 1355,1749 1400,1752 1444,1752 1489,1752 1534,1755 1579,1755 1624,1758 1668,1755 1713,1755 1758,1755 1803,1758 1848,1761 1892,1761 1937,1764 1982,1764 2027,1764 2071,1764 2116,1767 2161,1767 2191,1767"/>
                <TextEquiv>
                    <Unicode>Dein zweiter Brief hat mich allerdings wieder in Zweifel</Unicode>
                </TextEquiv>
            </TextLine>
            <TextLine id="r_2_tl_15" custom="readingOrder {index:14;}">
                <Coords points="459,1805 1905,1841 1966,1789 456,1752"/>
                <Baseline points="471,1785 516,1782 561,1785 606,1785 650,1785 695,1785 740,1785 785,1785 829,1788 874,1788 919,1791 964,1791 1009,1794 1053,1794 1098,1797 1143,1797 1188,1797 1233,1797 1277,1797 1322,1800 1367,1800 1412,1803 1456,1803 1501,1806 1546,1806 1591,1806 1636,1806 1680,1809 1725,1809 1770,1809 1815,1812 1859,1812 1904,1812 1949,1812 1970,1815"/>
                <TextEquiv>
                    <Unicode>gesetzt, ob Du nun an Neujahr da bist oder nicht.</Unicode>
                </TextEquiv>
            </TextLine>
            <TextLine id="r_2_tl_16" custom="readingOrder {index:15;}">
                <Coords points="456,1866 2011,1930 2218,1914 2216,1848 454,1811"/>
                <Baseline points="468,1854 513,1857 558,1857 603,1859 647,1859 692,1859 737,1859 782,1859 826,1859 871,1859 916,1865 961,1862 1006,1865 1050,1865 1095,1865 1140,1871 1185,1871 1230,1871 1274,1871 1319,1874 1364,1874 1409,1877 1453,1877 1498,1877 1543,1877 1588,1880 1633,1880 1677,1883 1722,1883 1767,1886 1812,1889 1857,1889 1901,1889 1946,1889 1991,1889 2036,1889 2080,1892 2125,1892 2170,1895 2215,1892 2221,1892"/>
                <TextEquiv>
                    <Unicode>Ein frohes Fest, soweit dies gegenwärtig möglich ist, und</Unicode>
                </TextEquiv>
            </TextLine>
            <TextLine id="r_2_tl_17" custom="readingOrder {index:16;}">
                <Coords points="452,1909 690,1954 894,1923 1031,1973 1187,1930 1464,1964 1535,1909 449,1864"/>
                <Baseline points="465,1901 510,1904 555,1907 600,1910 644,1907 689,1913 734,1913 779,1910 824,1913 868,1916 913,1916 958,1916 1003,1919 1047,1916 1092,1919 1137,1922 1182,1922 1227,1922 1271,1925 1316,1925 1361,1925 1406,1925 1450,1928 1495,1928 1540,1928"/>
                <TextEquiv>
                    <Unicode>auf Wiedersehen über die Feiertage.</Unicode>
                </TextEquiv>
            </TextLine>
            <TextLine id="r_2_tl_18" custom="readingOrder {index:17;}">
                <Coords points="1519,2018 1550,2020 1566,2011 1594,2013 1600,2007 1634,2036 1668,2041 1666,1945 1643,1943 1632,1950 1614,1941 1582,1939 1557,1959 1548,1950 1525,1973 1516,1973"/>
                <Baseline points="1531,2003 1576,2003 1621,2006 1665,2009 1674,2006"/>
                <TextEquiv>
                    <Unicode>Dein</Unicode>
                </TextEquiv>
            </TextLine>
            <TextEquiv>
                <Unicode></Unicode>
            </TextEquiv>
        </TextRegion>
    </Page>
</PcGts>
