2479 3508
1173 206 1281 290 -2-
388 299 2039 417 Ein sichtbares Merkmal ist das Kriegs-Winterhilfswerk.
388 378 2166 457 Hierin ist sehr viel geleistet worden. Das Verpflichtungs-
390 440 2183 522 gefühl des ganzen Volkes tritt hier in dieser schweren Zeit
400 493 2128 565 deutlich zutage. Überall ist fleißig gesammelt, reichlich
390 531 2190 620 gespendet und dadurch die Not beseitigt oder gemildert wor-
390 589 2188 682 den. Der Krieg mit seinen harten Pflichten findet heute ein
390 651 2162 711 starkes Geschlecht. Der Geist unserer tapferen, einsatzbe-
390 689 2154 768 reiten Tront überträgt sich auch auf den Geist der Heimat.
385 747 2219 831 Auch der deutschen Frau gilt es bei dieser Gelegenheit einen
381 788 2159 879 Ehrenkranz zu winden. Ihr Einsatz im Kriege übertrifft das
376 843 2068 943 Maß der bisher geleisteten Arbeit. Die Frau besorgt den
381 888 2121 993 Haushalt, sie ist im Werk als Ersatz für den Mann, der in
381 938 2092 1032 Felde steht, sie hilft im Roten Kreuz, in der N.S.V., im
378 984 2090 1077 landwirtschaftlichen Betrieb und im Geschäft. Die Kinder
376 1041 2183 1132 finden in der Haltung ihrer Eltern den Ansporn zum sozialen
378 1092 2118 1204 Handeln. Die innere Geschlossenheit der Nation ist unsere
373 1144 1051 1238 Bürgschaft des Sieges.
1307 1173 1683 1297 Heil Hitler!
371 1343 2083 1455 Nun besitzt auch die Fabrikfeuerwehr der Firma Hüssy und
369 1410 2109 1508 Künzli eine neue tragbare Motorspritze. Diese Anschaffung
364 1465 2157 1585 löste bei den Feuerwehrmännern allgemeine Befriedigung aus.
369 1582 2138 1700 Der rote Filmwagen, der jetzt übrigens in Murg-stationiert
369 1668 2133 1781 ist, gab in einer gut besuchten Vorstellung den Film: "Die
371 1700 740 1788 Fledermaus“.
361 1805 2111 1927 Am 15.3. fand man den Rentner Faller auf dem Totenbühl in
369 1884 2150 1989 seinem Bette Tot auf. Er erreichte ein Alter von 80 Jahren.
361 2004 2071 2142 Vor der Handwerkskammer in Konstanz hat Fräulein Gertrud
359 2092 2095 2217 Harsch die Meisterprüfung als Damenschneiderin mit Erfolg
357 2142 675 2231 bestanden.
354 2250 2095 2408 Dieser Tage konnte Fräulein Marie Gerteiser ihren 89.Ge-
354 2341 1391 2454 burtstag in voller Frische feiern.
352 2492 2032 2612 Das Schuljahr 1939/40 schloß am 20. März mit einer Ent-
349 2561 2092 2671 lassungsfeier des obersten Jahrganges. Die Feier war ein-
352 2624 2095 2722 fach, schlicht und erhebend. Die Aufnahme in die Volksge-
352 2674 1994 2777 meinschaft wird zu einem späteren Zeitpunkt geschehen.
345 2724 2147 2846 Entlassen wurden 22 Schüler; neu aufgenommen 34. Der Beginn
349 2765 1992 2904 des neuch Schuljahres ist auf den 28. März festgelegt.
338 2916 2262 3059 Die Firma Hüssy und Künzli hat dieser Tage eine Unterstützungs-
340 2997 2087 3093 kasse gegründet. Die Zinsen des bereitgestellten Kapitals
340 3054 2118 3191 sollen für in Not geratene über 65 Jahre alten Mitgliedern
342 3086 1077 3208 der Firma bestimmt sein.
