<?xml version="1.0" encoding="UTF-8" standalone="yes"?>
<PcGts xmlns="http://schema.primaresearch.org/PAGE/gts/pagecontent/2013-07-15" xmlns:xsi="http://www.w3.org/2001/XMLSchema-instance" xsi:schemaLocation="http://schema.primaresearch.org/PAGE/gts/pagecontent/2013-07-15 http://schema.primaresearch.org/PAGE/gts/pagecontent/2013-07-15/pagecontent.xsd">
    <Metadata>
        <Creator>prov=READ-COOP:name=PyLaia@TranskribusPlatform:version=2.23.0:model_id=287793:lm=none:date=20_02_2025_15:08</Creator>
        <Created>2025-01-23T13:10:28.187+01:00</Created>
        <LastChange>2025-03-05T13:04:39.225+01:00</LastChange>
        <TranskribusMetadata docId="6490125" pageId="89843125" pageNr="1" tsid="233417192" status="FINAL" userId="134428" imgUrl="https://files.transkribus.eu/Get?id=JXUSQKWRTFJXIXRHWPOHMBKQ&amp;fileType=view" xmlUrl="https://files.transkribus.eu/Get?id=WONJLQGNGAJKCUNNGRIDPNQB" imageId="74857750"/>
    </Metadata>
    <Page imageFilename="p001.jpg" imageWidth="2479" imageHeight="3508">
        <ReadingOrder>
            <OrderedGroup id="ro_1741262838510" caption="Regions reading order">
                <RegionRefIndexed index="0" regionRef="r"/>
                <RegionRefIndexed index="1" regionRef="r_2"/>
            </OrderedGroup>
        </ReadingOrder>
        <TextRegion id="r" custom="readingOrder {index:0;}">
            <Coords points="1257,207 2139,207 2139,423 1257,423"/>
            <TextLine id="l" custom="readingOrder {index:0;} person {offset:0; length:4;} date {offset:6; length:10;when:15.08.1941;}">
                <Coords points="1298,275 1342,250 1596,141 1616,145 2004,227 2029,368 1800,418 1782,420 1435,413 1310,368"/>
                <Baseline points="1313,301 1358,310 1403,316 1447,319 1492,325 1516,325 1567,307 1612,307 1656,313 1665,310 1695,304 1740,310 1785,316 1830,322 1874,328 1946,304 1991,307 2027,319"/>
                <TextEquiv>
                    <Unicode>Murg. 15. Aug 41</Unicode>
                </TextEquiv>
            </TextLine>
            <TextEquiv>
                <Unicode></Unicode>
            </TextEquiv>
        </TextRegion>
        <TextRegion id="r_2" custom="readingOrder {index:1;}">
            <Coords points="423,432 2455,432 2455,3114 423,3114"/>
            <TextLine id="l_1" custom="readingOrder {index:0;} person {offset:12; length:6;}">
                <Coords points="863,468 978,456 1135,452 1466,454 1537,474 1546,611 1496,633 1451,631 917,588 863,561"/>
                <Baseline points="874,555 919,552 964,555 1009,555 1053,555 1098,552 1143,552 1188,552 1233,555 1268,555 1322,552 1367,552 1412,555 1456,558 1501,561 1546,564 1549,564"/>
                <TextEquiv>
                    <Unicode>Mein lieber Alfons!</Unicode>
                </TextEquiv>
            </TextLine>
            <TextLine id="r_2_tl_3" custom="readingOrder {index:1;} organization {offset:31; length:7; continued:true;}">
                <Coords points="933,788 1203,788 1276,844 1446,792 1712,792 1823,854 1902,790 2408,815 2365,713 2313,756 2120,676 1870,740 1578,690 1314,747 1040,658 933,699"/>
                <Baseline points="946,761 991,767 1035,770 1080,773 1125,776 1170,773 1215,776 1259,779 1304,779 1349,779 1394,776 1439,776 1483,779 1528,779 1573,782 1618,779 1662,782 1707,779 1752,782 1797,785 1842,785 1886,782 1931,779 1976,779 2021,782 2065,782 2110,782 2155,782 2200,788 2245,788 2289,794 2334,800 2379,800 2415,800"/>
                <TextEquiv>
                    <Unicode>Seit langem treibt es mich dem Männer-</Unicode>
                </TextEquiv>
            </TextLine>
            <TextLine id="r_2_tl_4" custom="readingOrder {index:2;} organization {offset:0; length:4; continued:true;}">
                <Coords points="545,922 1603,908 1852,962 1954,919 2370,915 2370,856 2200,799 2052,863 1823,856 1730,799 1612,867 1410,831 1246,874 1003,776 785,867 679,801 545,829"/>
                <Baseline points="558,883 603,886 647,889 692,889 737,889 782,892 826,892 871,892 916,889 961,886 1006,889 1050,892 1095,892 1140,892 1185,892 1230,892 1274,892 1319,892 1364,892 1409,892 1453,892 1498,892 1543,892 1588,892 1633,889 1677,889 1722,892 1767,889 1812,889 1857,889 1901,886 1946,886 1991,886 2036,886 2080,883 2125,883 2170,886 2215,889 2260,889 2304,892 2349,895 2373,898"/>
                <TextEquiv>
                    <Unicode>chor wieder einmal ein Liedchen zu stiften.</Unicode>
                </TextEquiv>
            </TextLine>
            <TextLine id="r_2_tl_5" custom="readingOrder {index:3;}">
                <Coords points="558,1006 949,1010 1099,1067 1155,1022 1228,1078 1364,1035 1489,1078 1582,1044 1784,1078 1893,1015 2007,1074 2286,1022 2259,901 1821,978 1582,926 1460,974 1214,901 1083,969 826,924 558,969"/>
                <Baseline points="570,994 615,994 659,1000 704,1000 749,1000 794,1000 838,1003 883,1003 928,1003 973,1003 1018,1006 1062,1006 1107,1006 1152,1003 1197,1006 1241,1006 1286,1003 1331,1006 1376,1006 1421,1006 1465,1006 1510,1003 1555,1003 1600,1003 1645,1003 1689,1003 1734,1003 1779,1006 1824,1003 1868,1003 1913,1003 1958,1000 2003,1000 2048,1000 2092,997 2137,1000 2182,1000 2227,1000 2271,1000 2292,1003"/>
                <TextEquiv>
                    <Unicode>und kam mir die günstige Gelegenheit passend.</Unicode>
                </TextEquiv>
            </TextLine>
            <TextLine id="r_2_tl_6" custom="readingOrder {index:4;}">
                <Coords points="931,1162 1165,1194 1308,1128 1446,1196 1516,1126 1587,1171 1705,1133 1939,1169 2016,1119 2095,1146 2184,1112 2352,1140 2352,1042 2295,1012 2141,1090 1957,1067 1909,1019 1784,1078 1573,1090 1317,1042 1217,1083 1012,1019 931,1067"/>
                <Baseline points="943,1104 988,1107 1032,1107 1077,1110 1122,1110 1167,1113 1212,1116 1256,1116 1301,1113 1346,1116 1391,1116 1436,1116 1480,1116 1525,1116 1570,1116 1615,1116 1659,1116 1704,1116 1749,1116 1794,1116 1839,1116 1883,1113 1928,1113 1973,1113 2018,1110 2063,1113 2107,1113 2152,1113 2197,1110 2242,1110 2286,1107 2331,1107 2358,1107"/>
                <TextEquiv>
                    <Unicode>Ich schrieb vergangenes Jahhr an den</Unicode>
                </TextEquiv>
            </TextLine>
            <TextLine id="r_2_tl_7" custom="readingOrder {index:5;}">
                <Coords points="572,1253 1210,1248 1294,1298 1369,1244 1512,1314 1748,1235 1895,1269 2111,1239 2202,1285 2368,1237 2368,1180 2290,1153 2023,1128 1914,1201 1816,1151 1632,1146 1476,1210 1242,1155 1167,1194 878,1158 822,1196 683,1133 572,1144"/>
                <Baseline points="585,1212 629,1218 674,1224 719,1227 764,1227 809,1230 853,1230 898,1230 943,1230 988,1233 1032,1233 1077,1233 1122,1236 1167,1236 1212,1236 1256,1236 1301,1238 1346,1236 1391,1233 1436,1233 1480,1233 1525,1233 1570,1230 1615,1233 1659,1233 1704,1233 1749,1230 1794,1227 1839,1230 1883,1227 1928,1224 1973,1224 2018,1224 2063,1227 2107,1224 2152,1227 2197,1224 2242,1224 2286,1224 2331,1224 2373,1221"/>
                <TextEquiv>
                    <Unicode>Männechor Vorstand um den Title das Liedchen</Unicode>
                </TextEquiv>
            </TextLine>
            <TextLine id="r_2_tl_8" custom="readingOrder {index:6;}">
                <Coords points="588,1403 690,1367 810,1419 951,1348 1044,1401 1189,1346 1387,1412 1612,1346 2077,1387 2197,1346 2329,1394 2329,1292 2290,1271 2088,1312 1914,1271 1510,1314 1339,1276 1280,1314 972,1276 588,1298"/>
                <Baseline points="600,1340 632,1334 677,1337 722,1337 767,1337 812,1337 856,1337 901,1337 946,1340 991,1340 1035,1340 1080,1340 1125,1337 1170,1337 1215,1337 1259,1337 1304,1337 1349,1340 1394,1340 1439,1340 1483,1340 1528,1340 1573,1340 1618,1340 1662,1340 1707,1337 1752,1337 1797,1337 1842,1337 1886,1337 1931,1337 1976,1340 2021,1337 2065,1340 2110,1337 2155,1337 2200,1337 2245,1337 2289,1337 2334,1337"/>
                <TextEquiv>
                    <Unicode>zu erhalten, wo sie zum Abschied am Auto</Unicode>
                </TextEquiv>
            </TextLine>
            <TextLine id="r_2_tl_9" custom="readingOrder {index:7;} unclear {offset:36; length:5;}">
                <Coords points="592,1498 756,1532 854,1466 1081,1507 1187,1462 1455,1525 1675,1460 1825,1519 1945,1466 2327,1460 2327,1396 2211,1371 1966,1423 1764,1346 1609,1421 1099,1378 999,1437 794,1428 670,1373 592,1405"/>
                <Baseline points="606,1450 629,1450 674,1450 719,1453 764,1453 809,1453 853,1453 898,1453 943,1453 988,1453 1032,1453 1077,1453 1122,1453 1167,1456 1212,1456 1256,1456 1301,1459 1346,1459 1391,1462 1436,1462 1480,1465 1525,1462 1570,1462 1615,1456 1659,1453 1704,1453 1749,1450 1794,1447 1839,1447 1883,1447 1928,1447 1973,1447 2018,1450 2063,1450 2107,1447 2152,1447 2197,1450 2242,1447 2286,1442 2331,1439"/>
                <TextEquiv>
                    <Unicode>sangen „auf Wiederschen" Obwohl ich Frank-</Unicode>
                </TextEquiv>
            </TextLine>
            <TextLine id="r_2_tl_10" custom="readingOrder {index:8;}">
                <Coords points="611,1619 785,1575 1112,1594 1160,1637 1305,1569 2150,1566 2263,1634 2368,1573 2365,1521 2009,1460 1877,1530 1746,1487 1487,1535 1167,1469 1083,1514 990,1473 944,1516 869,1485 779,1539 608,1537"/>
                <Baseline points="620,1558 665,1561 710,1561 755,1561 800,1564 844,1561 889,1561 934,1561 979,1561 1024,1561 1068,1558 1113,1558 1158,1558 1203,1558 1247,1558 1292,1555 1337,1555 1382,1555 1427,1555 1471,1555 1516,1555 1561,1558 1606,1558 1650,1561 1695,1558 1740,1561 1785,1558 1830,1558 1874,1558 1919,1561 1964,1561 2009,1564 2054,1561 2098,1561 2143,1561 2188,1561 2233,1564 2277,1564 2322,1561 2367,1558 2370,1558"/>
                <TextEquiv>
                    <Unicode>marke beifügte, keine Antwort. Vielleicht</Unicode>
                </TextEquiv>
            </TextLine>
            <TextLine id="r_2_tl_11" custom="readingOrder {index:9;}">
                <Coords points="608,1741 735,1689 810,1748 924,1678 1176,1714 2275,1691 2275,1648 2113,1598 1809,1648 1559,1573 1457,1646 1303,1569 1196,1643 1083,1584 831,1653 758,1605 611,1628"/>
                <Baseline points="620,1674 665,1677 710,1677 755,1677 800,1674 844,1671 889,1674 934,1671 979,1674 1024,1671 1068,1671 1113,1671 1158,1671 1203,1671 1247,1671 1292,1671 1337,1668 1382,1668 1427,1668 1471,1665 1516,1668 1561,1668 1606,1668 1650,1671 1695,1668 1740,1671 1785,1671 1830,1671 1874,1668 1919,1671 1964,1668 2009,1668 2054,1668 2098,1668 2143,1668 2188,1671 2233,1671 2277,1674 2280,1674"/>
                <TextEquiv>
                    <Unicode>gelingt es Dir diesen Titel zu erhalten.</Unicode>
                </TextEquiv>
            </TextLine>
            <TextLine id="r_2_tl_12" custom="readingOrder {index:10;}">
                <Coords points="599,1793 890,1864 1024,1816 1151,1855 1224,1789 1326,1843 1435,1789 1575,1836 1727,1789 2111,1802 2111,1746 1918,1743 1866,1691 1741,1678 1507,1750 1412,1698 819,1741 724,1687 599,1746"/>
                <Baseline points="612,1776 656,1776 701,1776 746,1776 791,1776 835,1779 880,1782 925,1779 970,1782 1015,1782 1059,1782 1104,1782 1149,1782 1194,1782 1238,1785 1283,1782 1328,1782 1373,1782 1418,1782 1462,1779 1507,1782 1552,1782 1597,1782 1642,1782 1686,1779 1731,1779 1776,1779 1821,1779 1865,1776 1910,1776 1955,1773 2000,1776 2045,1776 2089,1776 2116,1779"/>
                <TextEquiv>
                    <Unicode>Weiterhin sänge ich das Lied nur</Unicode>
                </TextEquiv>
            </TextLine>
            <TextLine id="r_2_tl_13" custom="readingOrder {index:11;} person {offset:20; length:12;} abbrev {offset:20; length:4;expansion:Komponist;}">
                <Coords points="960,1907 1176,1954 1380,1900 1952,1898 2043,1959 2122,1909 2411,1925 2408,1818 2300,1848 2236,1786 2097,1843 1970,1807 1712,1875 1519,1793 1205,1870 1094,1818 958,1825"/>
                <Baseline points="973,1895 1018,1889 1062,1886 1107,1886 1152,1889 1197,1886 1241,1886 1286,1886 1331,1886 1376,1886 1421,1889 1465,1886 1510,1889 1555,1889 1600,1892 1645,1895 1689,1892 1734,1889 1779,1886 1824,1883 1868,1883 1913,1883 1958,1886 2003,1889 2048,1886 2092,1889 2137,1889 2182,1892 2227,1892 2271,1895 2316,1895 2361,1898 2406,1901 2415,1898"/>
                <TextEquiv>
                    <Unicode>"Das alte Lied" von Komp. Kirchl</Unicode>
                </TextEquiv>
            </TextLine>
            <TextLine id="r_2_tl_14" custom="readingOrder {index:12;} date {offset:9; length:4;when:1928;} organization {offset:21; length:17;}">
                <Coords points="599,2020 1017,2011 1142,2052 1201,2011 1548,2007 1605,2043 1893,2013 2034,2075 2141,2018 2379,2018 2379,1923 2082,1973 1968,1911 1827,1948 1580,1907 1466,1984 1287,1930 1146,1961 949,1918 801,1959 599,1905"/>
                <Baseline points="612,1997 656,1994 701,1997 746,2000 791,2003 835,2000 880,2003 925,2003 970,2003 1015,2000 1059,2000 1104,1997 1149,1997 1194,2000 1238,2003 1283,2000 1328,2000 1373,2000 1418,2003 1462,2003 1507,2000 1552,2000 1597,2000 1642,2000 1686,2003 1731,2003 1776,2003 1821,2003 1865,2003 1910,2006 1955,2006 2000,2006 2045,2006 2089,2006 2134,2009 2179,2009 2224,2006 2269,2003 2313,2006 2358,2003 2385,2006"/>
                <TextEquiv>
                    <Unicode>Es wurde 1928 am 10. Deutsch. Sängerb. Fest</Unicode>
                </TextEquiv>
            </TextLine>
            <TextLine id="r_2_tl_15" custom="readingOrder {index:13;}">
                <Coords points="606,2127 781,2118 883,2188 960,2132 1019,2163 1108,2118 1203,2179 1507,2113 1857,2134 1914,2184 2070,2129 2177,2175 2352,2161 2352,2063 2234,2045 2170,2091 1752,2020 1605,2079 1519,2011 1137,2088 1094,2045 967,2079 867,2025 758,2073 606,2011"/>
                <Baseline points="618,2110 662,2107 707,2110 752,2110 797,2110 841,2110 886,2110 931,2110 976,2110 1021,2107 1065,2107 1110,2107 1155,2107 1200,2110 1244,2110 1289,2113 1334,2110 1379,2110 1424,2110 1468,2107 1513,2107 1558,2107 1603,2110 1648,2110 1692,2107 1737,2110 1782,2113 1827,2116 1871,2119 1916,2116 1961,2116 2006,2119 2051,2119 2095,2119 2140,2119 2185,2116 2230,2116 2274,2116 2319,2113 2358,2116"/>
                <TextEquiv>
                    <Unicode>am Begrüßungsabend in Wien gesungen.</Unicode>
                </TextEquiv>
            </TextLine>
            <TextLine id="r_2_tl_16" custom="readingOrder {index:14;}">
                <Coords points="608,2236 1230,2225 1310,2261 1405,2229 1591,2297 1746,2240 1814,2279 1916,2231 2161,2281 2297,2243 2297,2168 2093,2138 1925,2186 1796,2132 1684,2181 1582,2141 1510,2188 1031,2154 969,2195 810,2138 733,2193 608,2175"/>
                <Baseline points="620,2215 665,2218 710,2218 755,2215 800,2215 844,2215 889,2218 934,2218 979,2218 1024,2215 1068,2215 1113,2215 1158,2215 1203,2215 1247,2218 1292,2218 1337,2215 1382,2215 1427,2215 1471,2218 1516,2218 1561,2221 1606,2221 1650,2224 1695,2221 1740,2221 1785,2224 1830,2224 1874,2224 1919,2224 1964,2227 2009,2227 2054,2227 2098,2227 2143,2227 2188,2227 2233,2224 2277,2227 2301,2227"/>
                <TextEquiv>
                    <Unicode>und erntete überaus großen Beifall.</Unicode>
                </TextEquiv>
            </TextLine>
            <TextLine id="r_2_tl_17" custom="readingOrder {index:15;}">
                <Coords points="622,2411 772,2354 831,2408 944,2338 1078,2384 1253,2329 1342,2399 1546,2349 1609,2399 1696,2345 2150,2365 2216,2354 2216,2297 2107,2318 2016,2243 1961,2293 1884,2250 1775,2306 1528,2306 1369,2247 1001,2297 620,2250"/>
                <Baseline points="635,2307 680,2316 725,2322 770,2322 815,2322 859,2325 904,2328 949,2328 994,2331 1038,2331 1083,2328 1128,2328 1173,2331 1218,2331 1262,2328 1307,2328 1352,2328 1397,2328 1442,2331 1486,2328 1531,2328 1576,2331 1621,2331 1665,2331 1710,2334 1755,2334 1800,2334 1845,2337 1889,2337 1934,2337 1979,2337 2024,2337 2068,2340 2113,2340 2158,2340 2203,2340 2221,2340"/>
                <TextEquiv>
                    <Unicode>Es ich schwer das Richtige zu finden.</Unicode>
                </TextEquiv>
            </TextLine>
            <TextLine id="r_2_tl_18" custom="readingOrder {index:16;} place {offset:24; length:10;}">
                <Coords points="627,2456 1205,2440 1353,2495 1596,2447 1662,2502 1746,2456 2045,2452 2172,2502 2388,2474 2388,2411 2132,2356 1768,2415 1684,2356 1619,2399 1416,2372 1189,2422 949,2349 885,2408 770,2356 627,2411"/>
                <Baseline points="638,2433 683,2433 728,2430 773,2433 818,2433 862,2436 907,2436 952,2439 997,2439 1041,2436 1086,2436 1131,2433 1176,2436 1221,2439 1265,2442 1310,2439 1355,2439 1400,2439 1444,2436 1489,2436 1534,2436 1579,2439 1624,2442 1668,2442 1713,2442 1758,2442 1803,2442 1848,2442 1892,2445 1937,2445 1982,2445 2027,2445 2071,2448 2116,2448 2161,2448 2206,2448 2251,2448 2295,2448 2340,2448 2385,2451 2394,2451"/>
                <TextEquiv>
                    <Unicode>Also Alfons! zuerst das Neustadter Liedchen.</Unicode>
                </TextEquiv>
            </TextLine>
            <TextLine id="r_2_tl_19" custom="readingOrder {index:17;} place {offset:12; length:6;}">
                <Coords points="620,2563 922,2599 1003,2561 1466,2565 1564,2626 1689,2563 2247,2595 2245,2513 2048,2529 1936,2488 1821,2536 1557,2456 1294,2522 1185,2454 1092,2488 1003,2456 922,2513 826,2456 620,2527"/>
                <Baseline points="632,2540 677,2543 722,2546 767,2546 812,2543 856,2546 901,2549 946,2546 991,2546 1035,2546 1080,2543 1125,2543 1170,2546 1215,2546 1259,2552 1304,2552 1349,2552 1394,2552 1439,2549 1483,2552 1528,2549 1573,2549 1618,2552 1662,2552 1707,2552 1752,2555 1797,2552 1842,2552 1886,2552 1931,2552 1976,2555 2021,2555 2065,2558 2110,2558 2155,2558 2200,2558 2245,2558 2251,2561"/>
                <TextEquiv>
                    <Unicode>alsdann das Wiener Liedchen und wenn</Unicode>
                </TextEquiv>
            </TextLine>
            <TextLine id="r_2_tl_20" custom="readingOrder {index:18;}">
                <Coords points="627,2674 722,2719 951,2679 1160,2754 1482,2679 1609,2717 1975,2672 2095,2704 2095,2597 2011,2624 1925,2579 1786,2633 1727,2588 1612,2631 1267,2583 1028,2635 801,2567 627,2604"/>
                <Baseline points="638,2657 683,2660 728,2660 773,2663 818,2660 862,2663 907,2663 952,2663 997,2663 1041,2663 1086,2663 1131,2663 1176,2663 1221,2663 1265,2666 1310,2666 1355,2666 1400,2663 1444,2663 1489,2663 1534,2663 1579,2663 1624,2663 1668,2663 1713,2669 1758,2669 1803,2669 1848,2666 1892,2666 1937,2663 1982,2666 2027,2666 2071,2666 2101,2678"/>
                <TextEquiv>
                    <Unicode>Beides unmöglich, dann freie Wahl.</Unicode>
                </TextEquiv>
            </TextLine>
            <TextLine id="r_2_tl_21" custom="readingOrder {index:19;}">
                <Coords points="1360,2799 1419,2790 1500,2860 1596,2819 1680,2849 1743,2794 1814,2831 1920,2803 1918,2708 1766,2694 1700,2719 1584,2708 1528,2729 1457,2688 1357,2717"/>
                <Baseline points="1370,2773 1415,2773 1459,2773 1504,2776 1549,2776 1594,2776 1639,2776 1683,2776 1728,2779 1773,2782 1818,2782 1862,2782 1907,2782 1925,2782"/>
                <TextEquiv>
                    <Unicode>Mit herzl. Grüßen</Unicode>
                </TextEquiv>
            </TextLine>
            <TextLine id="r_2_tl_22" custom="readingOrder {index:20;}">
                <Coords points="1700,2901 1712,2899 1716,2890 1730,2899 1755,2894 1793,2915 1823,2921 1830,2912 1868,2912 1850,2831 1832,2833 1766,2794 1746,2794 1716,2813 1698,2838 1684,2838"/>
                <Baseline points="1704,2863 1749,2872 1794,2887 1839,2895 1871,2901"/>
                <TextEquiv>
                    <Unicode>Dein</Unicode>
                </TextEquiv>
            </TextLine>
            <TextLine id="r_2_tl_23" custom="readingOrder {index:21;} person {offset:0; length:4;}">
                <Coords points="1825,3015 1857,3019 1880,3005 1954,3037 1973,3024 2009,3042 2025,3040 2002,2928 1970,2937 1909,2903 1886,2908 1880,2919 1859,2912 1807,2921"/>
                <Baseline points="1830,2979 1874,2988 1919,2994 1964,3006 2009,3012 2027,3024"/>
                <TextEquiv>
                    <Unicode>Carl</Unicode>
                </TextEquiv>
            </TextLine>
            <TextEquiv>
                <Unicode></Unicode>
            </TextEquiv>
        </TextRegion>
    </Page>
</PcGts>
