3508 2479
2318 0 3326 364 Im Felde, 14.X.42
257 16 1914 439 Liebe Sängerkameraden.
245 368 3239 724 Euer Päckchen kam erst gestern in meinen Besitz
158 601 3176 953 und danke ich recht sehr dafür. Ich hoffe es geht
146 819 3330 1179 allen gut und bin eigentlich immer bei guter Gesund-
198 1064 3211 1432 heit. Vorraussichtlich gehts bald wieder auf Reisen
134 1305 3263 1669 und werde ich dann einige Wochen keine Post be-
150 1491 3322 1898 kommen. Die Witterung ist Z.Zt. recht mild und
138 1796 700 2187 erträglich.
1202 1740 2693 2108 mit deutschem Sängergruss
1487 2068 1760 2290 Euer
1985 2025 2606 2365 Fricker
