2479 3508
1283 149 2283 347 Im Osten, 3.3.44
578 453 1380 675 Liebe Sänger!
328 733 2240 970 Kameraden kann ich nicht schreiben
112 885 2283 1110 denn bei uns sagt man, Kameraden
46 1040 2338 1259 sind Lumpen, und das seid Ihr nicht.
79 1189 2289 1377 Also, Euern Brief vom 20.12.43 habe
9 1335 2417 1529 ich dieser Tage dankend erhalten. Das Schrei-
3 1465 2417 1660 ben hat ja allerhand km hinter sich. Ich
198 1645 2374 1864 wäre froh, so ungestört und nach Deutschland
0 1763 2444 1994 schaukeln zu können, wie solch ein Brief, aber
12 1909 2389 2101 und würde man am Nacken fest halten
40 2058 2359 2262 wie eine Katze. Die Zeilen haben mich bei
55 2244 2259 2411 guter Gesundheit angetroffen, das Nächste, was
49 2353 2362 2548 man sich heute noch wünschen kann. Mit
18 2505 2283 2709 tiefem Bedauern las ich vom Ableben der
0 2651 2347 2855 im Briefe erwähnten Sangesbrüder. Es wäre
12 2812 2389 3010 höchste Zeit, dass dieser unselige Krieg ein En-
30 2964 2231 3174 de finden würde. Nicht nur an der Front,
9 3131 2304 3268 sondern auch in der Heimat hinterlässt er
