2479 3508
810 190 1944 388 Im Osten, den 8. Mai. 44.
688 383 1880 619 Liebe Sängerkameraden!
315 498 2129 795 Habe die Geburtstagswünsche von Euch
210 727 2173 941 erhalten. Wofür ich Euch herzlich danke.
237 890 2014 1100 Ich hoffe das beste, das [sic] die mein letzer
232 1044 2039 1285 Geburtstag im Osten war, und es denn
224 1190 2144 1429 nächsten wieder in fröhlicher Sänger-
205 1339 1822 1602 runde mit Euch feiern kann.
207 1488 2085 1741 Mir geht es soweit gut, und hoffe
219 1671 2010 1856 das ich wieder bald einmal in
163 1805 1739 2051 denn Urlaub fahren kann.
627 2041 2068 2302 Viele Grüsse sendet euch allen
795 2266 1858 2578 Euer Sängerkameraden
1512 2470 1785 2773 Bugr.
290 2705 1917 2914 Alfons ich danke dir für die lieben
288 2856 2146 3102 Grüsse, und sei Dir und Deiner Frau
310 3017 2178 3170 sowie Deinen lieben Kindern auch von mir
302 3148 1958 3322 auf das herzlichste gegrüsst Hugo
