2479 3508
932 565 1316 651 Aktennotiz !
597 771 1830 921 Die Weihnachts-Päckchen für unsere z.Zt.
603 887 1868 988 bei der Wehrmacht stehenden bezw. dienst-
606 984 1731 1063 verpflichteten Kameraden wurden nach
603 1044 1873 1130 folgenden Gesichtspunkten mit nachstehend
603 1117 1514 1231 verzeichneten Waren gefüllt:
447 1297 1170 1419 In jedes Päckchen kam:
550 1413 1295 1533 ca. 1/4 ltr. Obstschnaps
543 1512 1246 1630 " 200 gr. Springerle.
453 1608 979 1729 Ferner erhielten:
496 1714 1132 1787 3 Zigaretten-Raucher:
584 1765 1641 1834 je 3 Päckchen à 12 = 36 Zigaretten
506 1921 1070 1952 5 Stumpen-Raucher:
582 1943 1398 2029 je 5 Zigarren u. 4 Stumpen
453 1995 1559 2107 10 Zigarretten- und Stumpen-Raucher,
556 2079 1142 2152 sowie Nichtraucher:
588 2126 1005 2188 je 5 Zigarren.
599 2152 1510 2268 " 1 Päckchen = 12 Zigaretten.
462 2341 1673 2403 In den Päckchen befanden sich ausserdem
530 2401 1834 2502 je 1 Blatt mit den Adressen von sämtlichen
711 2463 1278 2558 Abwesenden Sänger
535 2547 1864 2633 1 Karte, auf der alle zu Hause befindlichen
621 2629 1888 2687 Kameraden durch Unterschrift den Soldaten
629 2618 2068 2768 eine frohe Weihnachten und ein gutes Neues Jahr
618 2719 911 2794 wünschen.
432 2850 2160 2994 Die Pakete wurden am 1. Dezember 1941 zur Post gebracht.
