2479 3508
473 151 2345 295 Männergesangverein Todtnau (Schwarzwald)
475 280 815 391 Gegründet 1846.
359 562 490 703 Titel
376 669 882 817 Männerchor
374 785 1067 909 Alter schweizer Männerchor
698 869 1067 995 Murg.
827 973 983 1090 Bd.
1357 879 1971 1003 Tag: 23 Oktober 1943
768 1176 1931 1411 Liebe Sangesbrüder von Murg.
857 1397 2050 1575 Mit herzlichster Dankbarkeit hat der
431 1503 2256 1681 Männergesangverein Todtnau im Augenblick innigster
381 1612 2288 1726 Abschiedstrauer an dem Heldentod unserem unvergeßlichen
404 1711 2286 1847 u verdienstvollen Vereinsführers u Chorleiters, Sangesbruder
901 1790 1530 1927 Theodor Enderle
451 1897 2404 2045 entgegen genommen. Worte vermögen nicht auszudrücken,
404 1969 2357 2127 wie groß seine Liebe u Begeisterung für das deutsche Lied
453 2070 2352 2226 stets gewesen sind u unser bald 10 jähriger Verein wird
428 2179 2414 2318 wohl niemals wieder eine so zur Vereinsführung befähigte
458 2258 2340 2409 Persönlichkeit erhalten u in unserer Vereinsgeschäfte u in
443 2355 2288 2506 unseren Sängerherzen hat er selbst, sich wohl das schönste
451 2447 2330 2600 Denkmal errichtet. Ehre seinem Heldentod für deutsches
475 2521 1421 2677 Vaterland u. Deutsches Lied
617 2595 2224 2734 Möge das gemeinsame Leid um unseren lieben
513 2711 2256 2828 Theodor unsere Vereine stets in Treue verbunden sein
478 2803 2196 2964 lassen für die edle Sache des Deutschen Männerchors.
943 2897 1974 3053 Mit freundl. Sängergrüßen u.
1548 2991 2038 3115 Heil Hitler
1426 3100 2154 3194 Männergesangverein Todtnau
1634 3172 1964 3249 Gegründet 1846
1511 3212 2073 3323 Der Vereinsführer:
1617 3274 2021 3447 Becker
