2479 3508
232 128 541 309 Jakob Küpfer
167 246 511 350 zum Meyerhof
284 331 481 467 Murg
809 68 2142 317 Murg den 24 Oktober 1942
541 279 1855 536 Herrn A. Zimmermann
945 388 2175 648 Führer v. Männerchor Murg
683 626 2364 861 Das Fest des Gebens, Weinachten naht
339 792 2181 945 heran, wo wir auch unsern Soldaten des
268 899 2224 1066 Männerchors hauptsachlich derer der Ostfront
287 997 2416 1183 gedenken möchten, welche oft große Entbehrungen,
292 1096 2290 1290 Strapatien mit zu machen haben, und schließlich
276 1219 2008 1364 Ihr Aller Blut u. Leben hingeben müssen.
265 1276 2303 1492 Während wir zu Hauf durch deren heldenhaften
265 1437 2271 1596 Einsatz uns glüklich fühlen, und ungestört,
257 1533 2331 1702 noch in unseren warmen Betten schlafen dürfen.
309 1642 2317 1806 Ich meine man sollte diesen Menschen draußen
262 1741 2405 1902 Gedenken, auch wenn es nur eine kl. Gabe wäre,
216 1847 2290 2003 würde mann diesen dgewiss große Freude
254 1956 2383 2126 bereiten, und Erkennen lassen, daß auch wir
271 2060 1514 2224 Sie nicht vergessen haben.
265 2093 2380 2334 Ich weis aber auch der Männerchor hauptsächlich
235 2260 2421 2426 dir älteren Mitglieder besiegen Jahrein-Jahraus
240 2372 2372 2533 selbst viele große persöhnlich und finanzielle
224 2476 2339 2637 Opfer in jeder Beziehung in kei und LEid.
240 2558 2361 2749 ohne eigentlich dem gebührenden Dank zu
249 2681 2178 2855 bekomen von der ganzen Gemeinde.
369 2765 2375 2954 Ja alles mein lieben Kameraden kostet
268 2888 2465 3066 Buld, das begreife ich, und den Kasse nicht mitdr
273 3006 2437 3175 Zeit leer durch Kranzniderlegungen u.s.w.
413 3107 2435 3271 Nun aber Daß darf mein Wunsch wer soen
306 3208 2265 3402 beimmrkt in Erfüllung gehen möge.
