2479 3508
1204 199 2245 342 Murg/Baden, den10. November 1942.
515 457 704 554 Herrn
513 539 1221 660 Hermann Binkert
511 617 881 714 Postmeister.
522 691 782 775 Murg/Bd.
513 840 1570 985 Mein lieber Sangesbruder Binkert !
526 987 2180 1117 Am Vorabend Ihres 70sten Geburtstages möchte sich auch
526 1074 2148 1132 der Männerchor in die Reihen der Gratulanten stellen.
528 1117 2200 1197 Schon den ganzen Sommer über ging mein Bestreben dahin,
528 1180 2133 1247 den Verein wenigstens noch bis Ende dieses Jahres in
526 1225 2189 1295 Takt zu halten, um unserem ältesten Aktiv-Mitglied zum
530 1264 2098 1340 70sten Geburtstag ein längstverdientes Ständchen zu
526 1327 2128 1390 singen. Es ist mir nicht gelungen. Sie wissen selbst
526 1377 2182 1442 wie es z.Zt. um unsere Aktivität ausschaut. Wir können
528 1425 2228 1494 gegenwärtig bedauerlicherweise unmöglich öffentlich auf-
543 1461 758 1541 treten.
520 1516 2180 1628 Daher übermittle ich Ihnen lb. Sangesbruder im Auftrage
526 1593 2120 1669 der Sängerschaft durch Überreichung eines schlichten
528 1635 2109 1715 Blumenkorbes auf diesem Wege herzliche Glückwünsche.
530 1687 2081 1764 Trotz Ihres Alters sind Sie immer noch sehr rüstig,
530 1728 2059 1808 sodass Sie sich sogar bei Ausbruch des Krieges dem
537 1784 2204 1868 Vaterland durch Wiederaufnahme Ihres Berufes neuerdings
530 1834 2180 1914 zur Verfügung stellen konnten. Mit ungebrochener Kraft
535 1886 2120 1955 versehen Sie seither Ihren Dienst. Dies ist wohl der
533 1931 2150 2020 beste Beweis für Ihre stabile Gesundheit. Die Sanges-
530 1972 2031 2052 brüder freuen sich darüber. Wir sind stolz, einen
535 2029 2178 2115 70jährigen in unseren Reihen zu wissen. Wir hoffen und
530 2078 2094 2146 wünschen, dass Sie noch recht viele Jahre in unver-
526 2124 2159 2223 mindester Frische mit Ihrer Gattin zusammen verbringen.
528 2176 2059 2254 dürfen. Der Herrgott möge seinen Segen dazu geben.
526 2243 2020 2336 Eine Bitte heben wir zum morgigen Festtag an Sie.
535 2299 2180 2373 Versprechen Sie uns weiterhin die Treue. Wenn Sie auch
524 2362 2152 2431 schon manches Jährchen auf dem Rücken haben. Ihr Herz
530 2401 2273 2496 ist noch jung und wird durch die Mitwirkung im Männerchor
526 2451 2161 2522 auch jung bleiben. Wenn der Krieg vorüber ist und wir
524 2501 2191 2574 uns wieder in alter Stärke zusammenfinden, dann wollen
528 2542 2210 2633 wir auch unseren Senior-Sänger Binkert noch lange Jahre
528 2596 992 2674 bei uns wissen.
1331 2698 1756 2795 Heil Hitler !
1256 2784 1827 2901 Der Vereinsführer:
