3508 2479
202 369 1105 548 Sängerkreis Waldshut
1958 152 3219 317 Tiengen (Oberrhein), den 28. Juli 1944
1656 325 1773 457 An
1662 443 2632 589 Titl. Männerchor Murg,
1662 566 3397 706 z.H. des Herrn Vereinsführer Zimmermann
2477 683 2996 797 in M ur g.
1448 988 3383 1146 In der Anlage erhalten sie gewünschte Ehren-
1067 1120 3248 1287 urkunde zum fünfzigjährigen Betehen ihres Vereins.
1067 1299 3418 1428 Obwohl die Feier dieses Tages schon hinter Ihnen liegt
1055 1375 3257 1498 wird es doch noch Grund zu einer kleinen Nachfeier
1070 1504 3427 1688 geben, wenn dies mit der Überreichnug des Ehrenbrief--
1076 1668 2494 1779 für Herrn Otto Bolliger verbinde.
1360 1788 3207 1923 Die Urkunde wollen sie dem Genannten unter-
1064 1932 3219 2069 Übermittlung der besten Wünsche des Sängerkreises
1055 2067 2984 2272 für sein ferneres Wohlergehen aushändigen.
