2479 3508
1026 49 1977 127 Tiengen (Oberrhein), den 29. Juli 1944.
211 228 829 327 Sängerkreis Waldshut
1023 173 1110 237 An
1026 223 1558 303 Titl. Männerchor Murg,
1023 295 2017 350 z.H. des Hernn Vereinsführer Zimmermann
1315 347 1520 407 in Murg
520 509 2020 572 In der Anlage erhalten Sie gewünschte Ehren-
228 581 1962 662 urkunde zum fünfzigjährigen Bestehen Ihres Vereins.
223 659 2006 737 Obwohl die Feier dieses Tages schon hinter Ihnen liegt,
228 734 1878 801 wird es doch noch Grund zu einer kleinen Nachfeier
225 801 2026 884 geben, wenn dies mit der Überreichung des Ehrenbriefes
225 887 1277 951 für Herrn Otto Bolliger verbinde.
58 1121 2381 1205 Indem ich Ihnrem Verein zu seinem Jubiläum nochmals meine und des
55 1211 1968 1274 Sängerkreises beste wünsche ausspreche, verbleibe ich mit
659 1289 1433 1353 deutschem Sängergruß
801 1353 1176 1431 Heil Hitler!
