2479 3508
939 211 2342 336 Herrischried,den 1o.Dezember 41.
893 581 1743 695 Mein lieber Alfons!
1078 730 2391 844 Vielen herzl Dank für freundl.
679 801 2282 928 Mitteilung und Dank für gut gemeinte
686 882 1133 991 Einladung.
688 975 2438 1098 Der Mensch denkt und Gott lenkt.Seit ich
683 1051 2306 1171 hier Oben bin, konnt ich Neujahr nicht
686 1133 2433 1242 mit der Familie feiern, da ich am letznen
695 1211 2387 1293 oder ersten Tag im neuen Jahr Kassenre-
695 1282 2464 1380 vision habe vom Vorsitzenden des Aufsicht
688 1347 2306 1440 rates.Nach gesetzl.Bestimmungen sowie
686 1429 2266 1518 nach den eigenen Satzungen muss die
686 1503 2429 1607 Aufnahme des Bestandes durchgeführt wer-
695 1565 2389 1652 den.Ich bin die einzige Person und kann
692 1618 2467 1739 da unmöglich ausbleiben.Ob Du das glaubst
692 1705 1854 1792 oder nicht,es ist Wahrheit.
817 1768 2304 1863 Vergangenen Monat Verbandsrevision
695 1841 2302 1955 usw. die Nase habe ich voll und sehne
686 1919 2289 2035 mich nach Frieden damit eine Änderung
697 1979 1338 2059 eintreten kann.
679 2041 2295 2162 Es macht Dir niemand einen Vorwurf im
686 2131 2340 2226 Gegenteil.Die Sache ist auch gar nicht
692 2191 2351 2297 von besonderer Bedeutung,das neue Lied
695 2269 2415 2355 werde ich in überraschender Weise einmal
679 2342 2467 2431 hören,ganz in voller Ruhe. Bezirkssparkasse
677 2400 2464 2516 habe ich angewiesen dem Männerchor M.7.50
688 2469 2451 2571 zu überweisen. Ich finde das Liedchen sehr
683 2536 2467 2680 billig.Hoffentlich klingt auch so wie ge-
686 2600 946 2716 dacht.
937 2678 2467 2827 Nun wünsche ich Dir und Deiner lieb
675 2741 2442 2883 Familie frohe Tage und reiche Bescherung.
1436 2859 1948 2979 Herzl.Gruss
1610 2943 1821 3041 Dein
1710 3074 1941 3264 Carl
