2479 3508
1350 347 2127 432 Murg, den 1. März 1942.
233 357 757 440 Männerchor Murg
562 558 1321 643 an die Sängerkameraden
572 639 1297 725 Habig Hans, Chorleiter
572 712 2052 775 Asal Eduard, Albiez Josef, Baumgärtner Josef,
568 763 2129 832 Bähr Fritz, Binkert Hermann sen, Bolliger Otto,
568 826 1995 881 Doeble Alfred, Döbele Ernst, Döbele Ludwig,
578 875 1857 948 Durst Emil, Haiss Hans, Hilbert Alfons,
568 930 1857 990 Hirtler Albert, Jung Fritz, Lüthy Otto,
568 978 1985 1041 Schlageter Hans, Suter Emil, Sänger Albert,
580 1033 1593 1098 Suter Julius und Völkle Helmut.
570 1171 2133 1252 wir wollen am nächsten Donnerstag im Probelokal
566 1246 1737 1317 unseren beiden gefallenen Kameraden
729 1329 1595 1398 Aktiv-Mitglied Huber Emil
737 1392 1607 1474 Passiv-Mitglied Döbele Max
568 1482 1857 1569 in schlichter Form ein Gedenken widmen.
572 1567 2058 1642 Ich gebe dies hiermit extra bekannt, weil ich
572 1634 2058 1695 überzeugt bin, dass jeder Sangesbruder es als
572 1685 2111 1754 seine Pflicht erachtet, auch mit dabei zu sein,
572 1739 2141 1819 wenn es gilt, toten Helden die letzte Ehre zu er-
572 1788 806 1857 weisen.
572 1873 2214 1979 Beginn: 1/2 9 Uhr- Dauer: Nur einige Minuten.
794 1932 1114 2015 Schulhaus
560 2026 2117 2105 Bekanntlich ist es nicht geheizt. Deshalb bitte
568 2088 2153 2164 pünktlich kommen, damit wir uns nicht länger wie
562 2149 2113 2210 unbedingt nötig im Probelokal aufhalten müssen.
1480 2235 1922 2316 Heil Hitler!
1409 2332 1995 2421 Der Vereinsführer
1593 2409 2019 2484 Zimmermann
