2479 3508
1264 190 2141 322 Murg, den 31. Dezember 1940.
500 428 697 558 Herrn
507 546 956 660 Paul Malzacher
502 630 755 736 Murg
512 801 1313 924 Lieber Sangesbruder Paul !
516 891 2373 1000 Darf ich Dich so anreden. Ich hoffe bestimmt, denn ich weiss,
519 984 2009 1074 Du bist auch jetzt noch ein Freund unserer Sache.
521 1026 2350 1127 Chorleiter Habig hat mich schon vor längerer Zeit über Deine
519 1109 2294 1174 Rückkehr in die Heimat orientiert. Und nun ist es, wie ich
519 1164 2262 1220 höre, Wirklichkeit geworden. Daher möchte ich mich beeilen
523 1190 2378 1273 und Dich einladen, wieder aktiv in unsere Reihen einzutreten.
521 1257 2343 1333 Du warst von jeher ein begeisterter Anhänger des Liedes. Wir
519 1308 2234 1380 Sänger würden uns deshalb freuen, Dich wieder bei uns zu
521 1340 2371 1417 wissen. Morgen, Mittwoch den 1.Januar, haben wir abends 8 Uhr
521 1401 2313 1477 im Murgtal-Nebenzimmer das traditionell gewordene Neujahrs-
521 1456 2255 1530 Treffen, bei dem diesmal auch der Gesangverein Laufenburg
523 1500 2303 1577 anwesend sein wird. Dieser Anlass wäre mir eine willkommene
521 1551 1979 1648 Gelegenheit unseren lb.Paul begrüssen zu können.
523 1607 2248 1699 Gib also Deinem Herzen einen Stoss und komme morgen Abend
519 1676 1852 1748 in's Murgtal. Du bist freundlich eingeladen.
1354 1796 1762 1912 Heil Hitler !
1232 1891 1799 1996 Der Vereinsführer:
