2479 3508
1362 207 2123 322 Rhina, den 4. März 1940.
596 410 783 525 Herrn
598 497 1148 631 Carl Burger
596 602 1813 699 Ehrenvorsitzender des Männerchors Murg,
594 671 998 766 Herrischried
596 829 1474 939 Lieber Sangesbruder Burger !
602 951 2086 1066 Ihr Einschreibebrief vom 18.Februar d.J. und die
606 1036 2141 1133 ihm beigehefteten RM. 50.-- sind in meinem Besitz.
606 1095 2062 1184 Im Namen der Sängerschaft danke ich Ihnen recht
614 1168 2027 1233 verbindlich dafür. Wir haben so etwas wirklich
606 1212 2149 1292 nicht erwartet. Nicht um Geld oder sonst etwas von
604 1261 2111 1340 Ihnen zu ergattern, sind wir am 17.v.M. vor Ihrer
598 1306 2088 1385 Wohnung erschienen, sondern einzig und allein um
602 1369 2025 1433 unsere Pflicht zu tun. Wenn ich zurückdenke an
600 1415 2021 1482 die Jahre, während welchen Sie die Führung des
608 1450 2058 1549 Vereins inne hatten, dann ist die kleine Ehrung
604 1515 1985 1581 zu Ihrem 60sten Geburtstag mehr wie am Platze
602 1557 2135 1644 gewesen. Wir wollten Ihnen damit unsere Verbunden-
600 1604 1991 1669 heit beweisen, die auch heute noch, genau wie
598 1624 2192 1719 damals, zwischen Ihnen und der Sängerschaft besteht.
596 1701 1959 1794 Also nochmals recht herzlichen Dank für Ihre
598 1766 2224 1861 Gabe. Ich werde dieselbe, Ihrem Wunsche entsprechend,
604 1821 1770 1922 bei passenden Gelegenheiten verwenden.
1381 1936 1800 2044 Heil Hitler !
1283 2005 1888 2137 Der Vereinsführer:
