3508 2479
625 229 2421 477 Auszug aus den Testament des Herrn G. Will
421 477 3371 706 Der Leseverein in Murg erhält meine Klassikerbibliothek ca. 80 Bände
421 628 1564 791 und eintausend Mark in bar.
421 662 3064 876 Der Turnverein, der Schwarzwaldverein, der Männerchor (früher
421 839 3208 1005 Schweizer Mannerchor), die freiw. Feuerwehr, die freiw. Feuerwehr-
421 950 3349 1120 Musik alle in Murg erhalten je eintausend Mark. Die genanhten Vereine
421 1057 3146 1209 sollen jedes Jahr an meinem Todestag je einen einfachen Kranz an
421 1120 3393 1327 neinen Grabe niederlegen. Diese Pflicht erlischtnach dreissig Jahren.
418 1290 3290 1416 Ausserdem erhalten die oben genannten 6 Vereine zusammen und zur ge-
410 1364 3282 1523 meinsamen Verwaltung zweitausend Mark, deren Zinsen alljährlich zu
429 1471 3190 1660 einer kleinen Feier und gemütlichen Unterhaltung verwendet werden.
429 1571 747 1715 sollen.
