2479 3508
670 116 1253 247 A B S C H R I F T
827 363 1412 467 Mein letzter Wille
546 518 2443 662 Ich unterzeichneter Gustav Will in Planegg verfüge hiermit
400 621 763 740 folgendes:
644 606 2472 794 Mein Verögen wird nach Abzug aoller Schulden in zwei gleic
394 763 2462 869 Teile geteilt. Einen Teil erhalten meine beiden Geschwister Augu
397 827 2327 928 Will und Emilie Link, bezw. deren Erben sofort nach meinen
397 915 1977 1041 Tode. Der zweite Teil wird wie folgt verwertet:
539 1147 2320 1284 Der Lese Verein in Murg erhält meine Klassikerbibliothek
397 1242 1706 1340 ca. 80 Bände und eintausend Mark in bar.
474 1307 2201 1410 Der Turnverein, der Schwarzwaldverein, der Männerchor
400 1366 2469 1500 (Schweizer Männerchor) die frewillige Feuerwehr, die Freiwillige
415 1443 2302 1583 Feurwehrmusik alle in Murg erhalten je eintausend Mark.
544 1523 2418 1624 Die genannten 6 Vereine sollen jedes Jahr an meinem Todes-
423 1598 2382 1717 tage je einen einfachen Kranz an meinem Grab niederlegen.
624 1699 2405 1815 Diese Pflicht erlischt nach dreissig Jahren .Ausserdem
428 1740 2405 1869 erhalten die oben bezeichnsten 6 Vereine zusammen und zur ge-
418 1827 2467 1946 meinsammen Verwaltung zweitausend Mark deren Zinsen alljährlich
423 1907 2387 2044 zu einer kleinen Feier und gemütlichen Unterhaltung verwendet
430 2000 907 2103 werden sollen.
887 2227 1853 2356 Vorstehende Abschrift erhäLL:
513 2325 1250 2464 der Männerchor Murg
699 2420 1446 2552 zur gefl. Kenntnisnahme
1041 2510 1742 2629 Murg den 2. Juli 1931.
1126 2590 1683 2709 Der Bürgermeister
1224 2714 1516 2900 Mener
