2479 3508
96 239 959 389 JUSTIZRAT DR. EMIL LANDECKER
1466 262 2346 387 MÜNCHEN, den 18. März 1931
327 349 730 439 RECHTSANWALT
1468 364 2303 458 MAXIMILIANSPLATZ b/o (eingang JUNGFERNTURMSTR.)
370 416 691 489 TELEPHON NR. 83801
225 447 824 574 POSTSCHECKKONTO MÜNCHEN NR. 3842
967 456 1186 589 An den
1184 532 1531 676 Männerchor,
1654 626 2188 795 Murg i.Baden
792 1048 2113 1208 Als Testamentsvollstrecker des Herrn Gustav
516 1154 1724 1300 W I L L teile ich Ihnen folgendes mit.
788 1252 2109 1379 Der Verstorbene hat, wie Ihnen bekannt ist,
493 1358 2113 1516 für Ihren Verein ein Vermächtnis von 1400.- RM in bar
489 1456 2151 1604 hinterlassen. Ich habe in der Erbschaftsteuererklärung
499 1568 2005 1718 für dieses Vermächtnis Erbschaftsteuerfreiheit in
489 1674 2103 1824 Anspruch genommen, da es sich um einen Versein handle,
499 1797 2016 1922 der ausschliesslich geweinnützige Zwecke verfolge.
803 1878 2080 2024 Des Finanzamt hat mit einem mir am 11.3.31
495 1991 2057 2134 zugestellten Steuerbescheid die von Ihrem Verein zu
499 2078 2144 2242 zahlende Erbschaftssteuer auf 196.- H festgesetzt und
495 2178 2001 2334 dies mit folgenden Ausführungen begründet: " Ein
505 2298 2107 2448 ausschliesslich mildtätiger oder gemeinnütziger Zweck
495 2400 2101 2552 des Männerchor-Vereins ist zu verneinen. Die Voraus-
495 2504 2063 2629 setzungen zu einer Steuerbefreiung sind daher nicht
501 2608 2101 2752 gegeben. § 18, Ziff.19 des Erbschaftssteuergesetzes."
832 2706 2196 2868 Gegen diesen Bescheid steht ihnen das Rechts-
501 2827 1248 2964 mittel des Einspruchs zu.
1275 2814 2207 2954 Der Einspruch wäre binnen vier
510 2924 2182 3083 Wochen noch Zustellung des Steuerbescheids, das ist bis
1221 3033 1947 3176 Künchen Land einzulegen.
501 3041 1198 3184 11.IV.31 beim Finanzamt
813 3151 2332 3295 Falls ich keinen gegenteiligen Bescheid von Ihnen
