2479 3508
1228 839 1854 997 Murg(Baden) 30.3.31
485 886 1497 1111 Herrn Justizrat Dr. E. Landecker
1604 1069 1874 1210 München
384 1030 2381 1304 Antwortlich Ihres werten Scheibens vom 18.3.31 teilen wir Ihnen
394 1215 2322 1436 mit, dass der Männerchor Murg gegen den Streuerbescheid des Fi-
386 1317 2341 1542 nanzamts München-Land vom 11.3.31, wonach für das uns zugefal-
384 1411 2339 1621 lene Vermächtnis von 1400 RM 196 RM Erbschaftssteuer zu zahlen.
394 1490 2329 1715 sind, Einspruch erhebt. Wir werden bemüht sein, den Nachweis zu
391 1594 2247 1849 erbringen, dass der Männerchor ein geneinütziger Verein ist.
379 1690 1713 1883 Wir bitten, dies dem Finanzamt mitzuteilen.
1433 1839 1804 1997 Hochachtend
1556 2017 1709 2050 P
1344 2034 2289 2205 stellvertretender Vorsitzender
