2479 3508
1020 416 1440 520 1862
1153 465 1296 506 Bad Sängerbund
520 493 1895 604 BADISCHER SÄNGERBUND E.V.
520 586 1778 708 MITGLIED DES DEUTSCHEN SÄNGERBUNDES
946 663 1486 736 Vom See bis an des Maines Strand,
946 721 1493 763 eint uns der Töne mächtig Band,
938 756 1493 840 Hochdeutsches Lied, Hoch Badner Land.
1417 953 2158 1108 Freiburg, 4. April 1931.
716 1267 1417 1422 An den Mämnerchor Murg
800 1373 1650 1530 Alter Schweizer = Männerchor
1548 1510 1782 1619 Murg
803 1683 2227 1842 Trotz aller Bemühungen konnte bisher nicht durch
482 1813 2231 1937 gesetzt werden, dass die Männergesangvereine allgemein u.ein
478 1902 1782 2021 für alle Mal als gemeinnützig erklärt wurden.
820 1988 2233 2121 Sie können aber im Wege des Einspruchs gegen den
471 2092 2149 2229 Erbschaftssteuerbescheid immerhin geltendmachen, dass ein
486 2189 2260 2328 Gesangverein wie der Ihrige und insbesondere ein Gesangverein
480 2280 2087 2408 in einem kleinen Ort als ein Verein anzusehen sei, der
486 2390 2213 2501 „ausschliesslich gemeinnützige Zwecke verfolgt, was dann
482 2488 2205 2623 noch näher zu begründen ist, u.dass daher nach § 18 Ziff.19
480 2567 2143 2687 das ihm anerfallene Vermächtnis steuerfrei bleiben müsse.
486 2678 2209 2815 Fügen Sie für alle Fälle der Bitte bei, man möge mindestens
495 2775 2198 2872 gemäss § 19 des Erbsch.St. Ges. die ersten 500 RM. des Ver-
478 2853 2233 3010 mächtnisses steuerfrei lassen, dann profitieren Sie immerhin
489 2956 741 3100 70.- RM.
674 2998 2258 3178 Irgendein ähnlicher Erbschaftssteuerfall ist mir nicht
480 3080 734 3237 bekannt.
1170 3144 2008 3281 Mit sangesbrüderlichem Gruss
1572 3211 2103 3330 A. Metzger
