2479 3508
315 408 2167 576 MANNERCHOR MURG
312 550 2176 666 ALTER SCHWEIZER-MANNERCHOR
1151 790 1699 899 Murg, den 22.4.31.
701 1011 881 1086 Herrn
1097 1086 1428 1181 Dr. Metzger
899 1135 1813 1240 Präsident des Bad. Sängerbundes
1256 1242 1920 1356 Freiburg i.B.
904 1419 1745 1540 Sehr geehrter Herr Präsident!
746 1549 2400 1645 wir beziehen uns auf ihr Schreiben von 4.4.31 und überrei-
543 1636 2148 1696 chen Ihnen in der Anlage Abschrift des Herrn Justizrates
543 1661 2393 1771 Landeecker München.Die Vorstandschaft hat beschlossen die Behand-
536 1745 2060 1794 lund der ganzen Angelegenheit in Ihre Hände zu legen.
536 1761 2318 1857 Durch Ihre guten Beziehungen zu den massgebenden Stellen glau-
541 1836 2314 1904 ben wir,dass uns die Erbschaftssteuer restlos gestrichen wird.
538 1878 2412 1941 Es ist heute in einer kleinen Gemeinde äusserst schwer ein Verein
545 1929 2290 1997 in Ordnung zu halten,zumal 3/4 der Leute ohne Verdienst sind.
536 1976 2353 2043 Man wendet hier dem Ausgang der Sache besondere Achtung zu und
536 2029 2377 2088 wäre es für unseren Verein ein Wendepunkt,wenn die Steuer nicht
538 2071 2377 2125 voll gestrichen wird.Der Verein hat nicht nur kein Vermögen,son-
536 2120 2351 2218 der ca.M.250.-- Schulden. Herr Will war s.Zt.aktiver Sänger und
538 2174 1542 2230 wusste wohl wo es dem Verein fehlt.
536 2216 2325 2293 Wir müssen alles aufbieten,dass der Chor nicht kleiner wird,Es
536 2260 2318 2337 ist betrübend sagen zu müssen,dass fast täglich die Passivmit-
536 2318 2381 2400 glieder sich mindern und ohne diese der Verein sich nicht halten
536 2363 690 2423 kann.
538 2384 2379 2507 sehr geehrter Her Präsident! helfen Sie bitte mit, dass dem Chor-
531 2458 1426 2544 dieses Unrecht nicht geschieht.
1361 2484 2186 2586 Mit vorzüglicher Hochachtung
1356 2565 2186 2673 und sangesbrüderlichen Gruss
