2479 3508
218 124 1040 319 Der Bundesobmann
565 290 688 389 des
126 337 1124 545 Badischen Sängerbundes
1322 126 2404 379 Freiburg i.B. den 27. April 1931
589 696 1602 931 in den Männerchor Murg
1384 904 1773 1154 Murg
891 1243 2263 1468 In Besitze Ihres Schreibens vom
423 1414 2303 1615 22. d.M. habe ich heute eine Eingabe an das
436 1570 2427 1738 Finanzamt München - Land gerichtet. Mein neuli-
443 1689 2385 1889 cher Hinnsis auf § 19 des Erbsch. St. Bes. ging
438 1842 2387 2026 fehl, wie ich bei nochmaliger Prüfung der Ge-
436 1974 2343 2164 setzesbestimmung merkte. Vielleicht hat aber
436 2127 2256 2335 unsere gemeinsame Bemühung doch noch einen
433 2273 2159 2496 Erfolg, was mich für Sie herzlich freuen
428 2409 743 2615 sollte.
1104 2642 2360 2840 Mit sangesbrüderlichem Gruss
1669 2788 2271 3036 A Metzger
