2479 3508
1097 215 1451 389 Abschrift!
1519 321 2430 477 München, den 13. Oktober 1931,
196 336 961 484 Finanzamt München - Land
1513 435 2146 558 Herzogspitalstr. 18.
545 644 743 763 Herrn
737 719 1453 875 Justizrat Dr. Landecker
1511 818 1941 930 München
563 974 919 1113 Gegenstand:
328 1073 1535 1187 Erbschaftsteuer des Männerchor Murg i/B.
328 1168 1546 1236 aus dem Nachlass des am 20. März 1930 zu
330 1218 1482 1288 Planegg verstorbenen Herrn Gustav Will.
330 1280 1493 1394 - Liste E 5/1930 - Sollb.Nr. 133/1930.-
750 1387 2304 1555 ein ausschliesslich gemeinnütziger Zweck des Gesang-
569 1528 2337 1675 vereins "Männerchor" Murg i.B. kann nicht anerkannt werden.
745 1596 2392 1772 den Einspruche werde ich daher nicht stattgeben können.
730 1717 2313 1876 Mit Rücksicht auf die wirtschaftliche Lage des Vereins
567 1829 2197 1968 bin ich jedoch im Falle der Zurücknahme des Einspruchs
558 1924 2219 2078 bereit, von der Gesamtschuld zu RM 196.- den Betrag von
558 2027 1680 2144 70.- zu erlassen und zu erstatten.
741 2109 2170 2256 Ich ersuche um baldige Mitteilung, ob der einge-
563 2214 2214 2364 legte Einspruch zurückgenommen oder weiter aufrecht er-
567 2333 1150 2456 halten werden will.
1568 2370 1939 2531 Im Auftrage:
1570 2511 2084 2628 gez. unleserlich.
1627 2693 2179 2852 für die Abschrift:
1781 2938 2339 3116 Damm
1713 3096 2027 3197 Justizrat.
