2479 3508
116 148 1044 273 JUSTIZRAT Dr. EMIL LANDECKER
402 249 774 335 RECHTSANWALT
385 305 791 395 TELEPHON Nr. 93801
202 357 952 453 POSTSCHECKKONTO MÜNCHEN Nr. 3842
223 430 933 524 BANKKONTO: HARDY & CO., MÜNCHEN
1328 208 2353 305 MÜNCHEN 2 NW, den 17. Oktober. 1932.
1319 294 2353 391 Maximiliansplatz 12B/o (Eing. Jungfernturmstr.)
187 1678 288 1844 ./.
640 587 853 733 an den
941 692 1427 844 Männerchor Murg
1541 795 2039 909 M u r g / Baden
950 991 2359 1117 In der Nachlassache W i l l komme ich auf Ihr
653 1102 1872 1238 Schreiben vom 24. September 1932 zurück.
950 1186 2308 1328 Das Finanzamt Münchan - Land - wie ich Ihnen
660 1294 2383 1442 bereits früher mitteilte - einen ausschliesslich gemein-
655 1397 2271 1532 nützigen Zweck des Gesangvereins nicht anerkannt, hat
655 1498 2349 1637 aber im Billigkeitswege die Steuer um R 70.- ermässigt.
965 1592 2276 1706 Ich füge einen Scheck über diesen Betrag bei
660 1715 1732 1848 und ersuche um Empfangsbestätigung.
1519 1876 2046 1992 Hochachtungsvoll
1695 1970 2175 2250 Dnmm
1646 2196 1973 2299 Justizrat.
664 2647 1319 2817 Anlage: 1 Scheck über
965 2755 1220 2864 RM 70.-.
