2479 3508
1285 197 2204 324 Rhina, den 16. Dezember 1940.
516 535 1000 634 Lieber Eduard !
521 681 2292 780 Ich habe Dir am letzten Donnerstag schon gesagt, dass ich
521 764 2347 826 am nächsten Donnerstag wegen dienstlicher Abwesenheit nicht
519 822 2375 889 in die Singstunde kommen kann. Bitte, vertrete mich deshalb.
528 866 1702 945 Führe in meinem Namen folgendes durch:
607 935 2352 1002 1.) Statte für die gestifteten Gaben zu unseren Soldaten-
734 998 2352 1060 Päckchen allen Sängern Dank ab. Vergesse dabei nicht
743 1049 2292 1107 unseren Chorleiter Habig besonders zu erwähnen für
738 1097 2301 1171 die gestifteten 16 Paar Hosenträger. Sage auch den
736 1141 2239 1211 Kameraden, die sich beim Herrichten der Päckchen
738 1199 2264 1252 zur Verfügung stellten,Dank. Hier hat sich Ehren-
738 1234 2322 1310 präsident Suter vorallem hervorgetan. Er holte noch
732 1285 2398 1380 die fehlenden Unterschriften, sorgte für Tannenreisig,
734 1345 2290 1405 kaufte die Schachteln beim Buchbinder und schaffte
734 1389 2340 1465 andern Tags die fertigen Pakete auf die Post. Er hat
734 1452 2123 1519 mir also viel Lauferei und Arbeit abgenommen.
600 1491 1482 1593 2.) Gebe beiliegende Mk. 2.-
1528 1512 2313 1611 dem Kassier; sie sind von
734 1579 1931 1646 Lüthy Otto als Beitrag zu den Päckchen.
613 1625 2340 1727 3.) Sage den Sängern, im alten Jahr sei keine Singstunde
727 1692 2283 1762 mehr. Dagegen möchte ich für den Neujahrstag-Abend
743 1734 2364 1815 ein Treffen vorschlagen. Schau wie die Stimmung dafür
729 1789 2343 1875 ist. Natürlich hat es nur Wert, wenn dann auch alles
734 1843 2248 1938 erscheint, denn ich möchte bei dieser Gelegenheit
734 1887 2398 1968 2 Sänger ehren(verrate darüber aber nichts). Ausserdem
736 1952 2209 2021 würde ich den Laufenburger Verein dazu einladen.
736 1986 2220 2060 Näheres über Ort und Zeit der Zusammenkunft wird
734 2028 2338 2148 sofern sie stattfinden soll, von mir durch Einladung
727 2084 1345 2171 noch bekanntgegeben.
600 2111 2424 2246 4.) Lass die beiden Karten von allen Sängern unterschreiben
727 2222 2185 2287 und beauftrage den Kassier den beiden Kameraden
718 2269 2371 2354 Binkert jr. und Ganter ihre Geburtstagspäckchen unter
725 2313 2287 2384 Beilage der Karten bald auf den Weg zu bringen und
727 2378 2405 2465 zwar im üblichen Wert und der üblichen Zusammensetzung,
593 2433 2209 2551 5.) Sage dem Kassier, er möge die Kasse zum 31.12.1940.
722 2507 2334 2614 abschliessen und frage ihn, wann die Kassen-Revision
725 2572 1255 2648 stattfinden kann.
590 2609 2246 2722 6.) zu Kassen-Revisoren bestimme ich hiermit Dich und
722 2688 2359 2766 Sangesbruder Döbele Ernst. Bitte orientiere letzteren
725 2750 2384 2829 und prüft die Kasse möglichst vor dem Neujahrstreffen.
1317 2845 2084 2963 Mit freundlichen Grüssen
1500 2933 1938 3033 Heil Hitler !
