2479 3508
1349 255 2186 371 Murg, den 5.November 1941.
595 640 779 730 Herrn
595 715 993 821 Max Matt
601 794 1009 887 Bürgermeister
587 860 989 980 Herrischried
589 1084 1662 1202 Sehr geehrter Herr Bürgermeister !
593 1167 2230 1299 Sie werden sich fragen, was will denn der Männerchor
595 1262 2143 1345 Murg von mir. Nun, ich möchte Ihnen mein Anliegen
593 1312 2116 1411 nachstehend gleich vortragen. Es handelt sich um
597 1353 910 1440 folgendes:
599 1403 2174 1523 Unser Verein hat 20 Sänger im Felde stehen. Diesen
599 1482 2201 1571 wollen wir zu Weihnachten Päckchen schicken. Es ist
589 1521 2226 1637 aber heute ausserordentlich schwer, dafür etwas auf-
597 1588 2141 1673 zutreiben. Recht gerne würden wir jedem Kameraden
601 1637 2170 1716 u.a. etwas Obstschnaps schicken. Im ganzen müssten
601 1691 2263 1789 wir 5 ltr. haben. Aber woher nehmen ? Die Leute haben
607 1735 2070 1809 jetzt noch nicht gebrannt und doch soll man die
597 1774 1687 1876 Päckchen anfangs Dezember aufgeben.
599 1836 2195 1954 Ich habe nun schon des öftern gehört, dass Sie,Herr
589 1903 2062 2000 Bürgermeister,ein besonders gutes Herz und eine
589 1956 2220 2062 offene Hand für unsere Soldaten im Felde haben. Auch
601 2000 2182 2079 hat mir Herr Burger von der Waldelektra, der Ehren-
595 2052 2195 2137 vorsitzender unseres Vereins ist, schon erzählt, in
591 2112 2255 2197 welch vorbildlicher Weise Sie als echt deutscher Mann
570 2155 2213 2242 SIE Ihre Pflichten dem Vaterland gegenüber erfüllen.
580 2205 2160 2296 Da dachte ich mir, ob Sie uns vielleicht auf Grund
628 2251 2189 2361 ihrer Beziehungen bis Ende November/Anfang Dezember
591 2307 2126 2379 etwa 5 1Lr. Obstschnaps verschaffen könnten. Ent-
589 2344 2240 2466 schuldigen Sie, wenn ich sie zu Ihrer Arbeit hin noch
593 2392 1310 2477 mit so etwas belästige.
589 2439 2218 2560 Vielleicht sind sie so freundlich und geben mir bald
589 2516 2234 2624 Bescheid. Sofern Sie meiner Bitte entsprechen können,
587 2578 2220 2674 sagen Sie auch gleich was es kostet, damit ich Ihnen
589 2622 1681 2723 dann sofort das Geld schicken kann.
141 3256 618 3384 1 Freiumschlag.
1320 2732 1747 2850 Heil Hitler!
1225 2846 1828 2960 Der Vereinsführer:
