2479 3508
295 816 1726 923 Firma D. Ullmann, Abzeichenfabrik, Pforzheim.
991 917 1846 1021 Murg, den 14.Dezember 1940.
509 1019 1690 1110 Früher hatten Sie in der Sängerzeitung
525 1089 1787 1162 goldone Sängerringe inseriert. Können Sie
521 1148 1846 1232 z.Zt. auch liefern ? Wir wollten einen Ring
516 1194 1724 1278 für einen Kameraden mit 25 Sängerjahren
514 1251 714 1319 haben.
516 1287 1694 1405 Ausserdem frage ich an, ob gegenwärtig
518 1378 1664 1464 Sängernadeln für 10, 15 u. 20 jährige
519 1428 962 1501 zu haben sind.
516 1467 1783 1555 wie sind gegebenenfalls die Preise sowohl
516 1544 1837 1619 für den Sängerring wie auch für die Nadeln?
519 1605 1771 1681 Ich erwarte Ihren postwendenden Bescheid,
525 1653 1635 1710 weil ich die Ehrungen zu Weihnachten
525 1690 1685 1780 spätestens Neujahr durchführen möchte.
1151 1755 1557 1856 Heil Hitler !
1037 1826 1601 1935 Der Voreinsführer:
