2479 3508
224 128 749 266 Sängerkreis 2
192 234 782 353 im Gau XV Baden
353 324 627 422 des D.S.B.
282 379 696 506 Sitz Tiengen
1568 167 2273 293 Tiengen, den 15. Februar 1941.
489 650 2171 805 Betr. Hauptversammlung des Kreises Waldshut in Tiengen
510 836 2171 939 Am Sonntag, den 23. Februar 1941, nachm. 2 Uhr findet im Saal des
502 947 2164 1027 Hotel „Krone" in Tiengen unsere diesjährige Hauptversammlung statt.
506 1016 2162 1129 Infolge sehr wichtiger Tagesordnung ist es notwendig, dass jeder Kreis-
510 1106 2171 1194 verein durch seinen Vereinsführer bezw. dessen Stellvertreter und durch
502 1177 1129 1274 den Chorleiter vertreten ist.
920 1263 1234 1349 Kameraden!
914 1328 1633 1435 Kein Verein ohne Vertretung!
506 1420 2169 1506 Die Bestandserhebungen werden während der Tagung ausgegeben und
500 1506 2164 1579 sind vor Beendigung derselben ausgefüllt abzugeben. Alle für den Verein
508 1581 2162 1658 wichtigen Angaben (über Vereinsführung, Sängerzahl, Zahl der Einberufe-
504 1654 2164 1742 nen, Veranstaltungen usw.) sind mitzubringen. (Siehe Bekanntmachungen
502 1721 1541 1819 in der Südd. Sängerzeitung, Februarnummer!)
502 1801 1202 1909 Ich erwarte auch Pünktlichkeit.
1311 1943 1970 2064 Mit deutschem Sängergruß!
1322 2037 1606 2154 Heil Hitler!
1320 2137 2039 2267 C. Bächle, Kreissängerführer.
358 2463 847 2614 Teilgenommer.
410 2562 910 2696 Habig Hans
402 2629 1288 2790 Zimmemann Alfons
