2479 3508
1254 197 2134 329 Rhina, den 29. Februar 1940.
528 500 944 615 Mein Lieber !
526 620 2047 718 Heute komme ich auf Deine dem Männerchor gemachte
528 703 2053 763 hochherzige Spende zurück. Ich habe mir die Sache
532 737 2111 835 hin und her überlegt und bin dabei zur Ueberzeugung
540 814 2113 880 gekommen, dass Du mit RM. 50.-- entschieden zu hoch
534 854 2108 923 gegriffen hast. Ich weiss, Du hattest von jeher für
540 906 2051 974 das Lied und seine Sache viel übrig und brachtest
536 951 2083 1025 dafür schon grosse persönliche Opfer. Trotzdem und
549 998 2160 1077 gerade deshalb kann ich das Geld fast nicht annehmen.
543 1057 2111 1119 Ich habe bis jetzt nach keiner Seite von der Spende
547 1098 2111 1173 gesprochen. Auch heute Abend in der Singstunde wird
536 1154 2138 1226 nichts davon erwähnt. Zuerst möchte ich mich mit Dir
543 1207 2158 1282 nochmals rein privatim offen und ehrlich aussprechen.
540 1263 2111 1339 Du überlässt mir den Betrag, wie Du Dich ausdrückst
545 1322 2102 1414 "zur besinneten Verwendung". Was soll ich nun damit
547 1365 2104 1442 machen? Auf die Sparkasse tragen zur Gutschrift auf
543 1416 2164 1487 unser Konto ? Wenn später dann vielleicht trotz aller
543 1476 1976 1538 Beteuerungen und Zusicherungen doch.........!!
540 1510 2083 1602 Dann ärgert man sich und sagt, hätten man das Geld
553 1574 2042 1628 lieber den Mitgliedern irgendwie zukommen lassen.
553 1602 2138 1681 Nun wirst Du mir sagen, dann setzt doch die Sache in
543 1673 2106 1724 Bier um. Das kann ich in heutiger Zeit als Vereins-
555 1715 2134 1790 führer nicht tun. Als Privatmann ginge so etwas ohne
553 1771 2111 1824 weiteres. Ich möchte Dir nun folgendes vorschlagen.
553 1816 2117 1878 Du nimmst die RM. 50.-- wieder zurück und ladst den
555 1850 2264 1938 Verein an einem der nächsten Samstage zu einem Freitrunk
553 1920 2074 1976 ein. Je eher dieser stattfindet, je besser ist es.
555 1961 2230 2036 Selbstverständlich musst Du auch dabei sein. Das gehört
553 2019 2143 2072 sich. Es soll kein grosses Gelage geben. Wir könnten
549 2059 2235 2130 in aller Gemütlichkeit irgendwo zusammenkommen und dann
549 2115 1322 2200 wäre uns und Dir gedient.
547 2179 2258 2271 Ich bitte Dich, mir ebenso offen Deine Meinung zu sagen.
547 2264 2260 2326 Erst nach Eingang derselben werde ich den Sängern gegen-
553 2316 1929 2380 über auf Dein letztes Ständchen zurückkommen.
540 2393 1235 2491 Recht herzliche Grüsse
1444 2521 1606 2610 Dein
