2479 3508
1250 288 2132 437 Murg, den 28. Dezember 1940.
684 589 869 695 Herrn
684 708 985 848 Huber
682 848 934 931 Murg
688 923 1699 1067 gegenüber dem Gasthaus z.Murgtal.
688 1101 2194 1231 Am Weihnachtstag sprachen wir zusammen über Ihren
686 1224 2162 1306 Beitritt zu unserem Chor als aktiver Sänger. Sie
695 1280 2248 1390 wollten sich die Sache nochmals überlegen. Es würde
703 1364 2261 1448 uns wirklich freuen, Sie in unsere Reihen aufnehmen
699 1441 2285 1536 zu können und ich möchte Sie deshalb auch auf diesem
695 1510 2257 1609 Wege bitten, Ihrem Herz einen Stoss zu geben und zu
701 1577 2252 1661 uns zu kommen. Ich glaube, es wird Ihnen gewiss ge-
699 1654 2199 1732 fallen. Wir haben einmal in der Woche und zwar am
699 1725 2158 1809 Donnerstag Singstunde. Also bitte, überlegen Sie
701 1798 1672 1910 nicht mehr lange und kommen Sie.
699 1854 2422 1988 Wie Sie bereits wissen, findet am 1.Januar, abends 8 Uhr,
695 1971 2424 2074 im Murgtal-Nebenzimmer unser traditionsgemässes Neujahrs-
701 2050 2422 2143 treffen statt. Das wäre gerade eine günstige Gelegenheit,
701 2119 2377 2231 wo ich Sie einführen könnte. Deshalb lade ich Sie hier-
686 2203 2222 2321 mit herzlich ein und erwarte gerne Ihre Teilnahme.
1349 2313 1777 2437 Heil Hitler !
1261 2409 1831 2560 Der Vereinsführer:
