2479 3508
218 160 2205 309 In Eile! Herrischried,den 4.11.41.
462 455 1329 588 Mein lieber Alfons!
793 651 2340 746 Vielen Dank für Deinen lieben Gruss
606 710 1734 840 den ich sofort beantworte.
793 818 2412 906 In der Schnapsfrage sieht es hieroben
606 887 2372 975 düster aus,denn Kartoffel zu brennen ist
622 962 2367 1038 verboten und zudem haben die Meisten ihr
617 1036 2367 1106 Brennrecht wieder abgegeben wegen der zu
608 1101 1365 1196 hohen Steuer usw.
845 1167 2286 1252 Nun ja es ist Krieg und Ansprüche
628 1239 2316 1354 dürfen auf keinen Fall gestellt werden.
622 1324 2349 1408 Schreibe Du in Deiner Not an den Bürger-
626 1394 2320 1464 meister Max Matt Herrischried, trage ihm
626 1462 2433 1552 Dein Leid vor, vor allen Dingen schmeicheln
626 1534 2205 1604 er sei bekannt für sein gutes Herz für
622 1602 2322 1676 kämpfende Kammeraden usw. und hättest Du
586 1667 2228 1773 auch von mir gehört,dass er ein echter
586 1737 2340 1831 Deutscher sei. Ich tue natürlich was geht,
597 1813 1525 1906 vielleicht gelingt es.
1050 1876 2271 1971 für ein baldiges Wiedersehen
619 1957 2189 2050 freut sich,verbunden mit herzl.Gruss
1516 2014 1721 2138 Dein
1430 2093 1784 2318 Carl
