2479 3508
1316 162 2198 244 Murg, den 20. Oktober 1943.
638 280 840 393 Herrn
638 391 1207 482 Carl Bächle
649 485 1209 569 Sängerkreisführer.
653 553 1242 631 Tiengen /Hochrhein.
653 698 1547 787 Betr. Erhebung von Beiträgen.
649 758 2436 827 Obwohl wir seit über 1 Jahr nicht mehr öffentlich auftrete
656 811 2434 880 können, erheben wir bis jetzt bei unseren Passiv-Mitgliede
656 869 2383 927 immer noch die Beiträge. Das Geld wird in der Hauptsache
658 920 2434 985 zu Päckchen für unsere an der Front stehenden Sängerkamerad
647 969 965 1027 verwendet.
651 1038 2376 1107 Beim letzten Geldeinzug hat nun ein Passiv-Mitglied, das
656 1091 2343 1153 Vorstand des Vereins für das Deutschtum im Ausland ist,
656 1136 2311 1205 erklärt, es sei keinem Verein mehr gestattet, Beiträge
658 1187 2283 1247 einzuziehen. Nur noch die Partei und die Arbeitsfront
653 1236 2423 1302 dürften Beiträge erheben. Vereine dagegen dürften dies für
649 1287 1785 1356 die Dauer des Krieges nicht mehr tun.
653 1340 2429 1427 Ich bitte diese Angelegenheit abzuklären und mir recht bal
642 1409 2060 1482 Bescheid zu geben, wie sich die Sache verhält.
1396 1471 2323 1549 Mit Sängergruss u. Heil Hitler
1705 1607 2131 1700 Vereinsführer
