3508 2479
334 8 786 99 Rudolf Weiss
357 91 751 190 Murg (Baden)
410 159 702 277 Postfach 6
1939 91 3161 300 Murg(Baden), den 9.Okt. 1940.
285 364 531 482 Herrn
296 429 1036 546 Alfons Zimmermann
296 497 1495 664 Vereinsleiter des Männerchor
281 630 622 789 Murg
300 793 1613 975 Sehr geehrter Herr Zimmermann !
300 915 3230 1063 Sie hatten mir seiner Zeit zugesagt, dass der Männerchor Murg bei der
300 1025 3317 1135 Kundgebung des V.D.A. mitwirken wurde. Die Grosskundgebung,die zugleich
296 1104 3347 1211 Pflichtversammlung der Partei ist, findet nun am Sonntag den 20. ds.
285 1176 3184 1287 abends 8 Uhr im Murgtalsaale statt und hoffe ich gerne, dass Sie die
288 1230 3309 1385 mir gegebene Zusage aufrecht erhalten werden. Im Voraus bestens dankend
288 1332 956 1457 zeichne ich mit
1715 1400 2285 1575 Heil Hitler !
2319 1438 2812 1677 R Weiss
1465 1643 2721 1825 Ortsverbandsleiter des V.D.A.
