2479 3508
160 144 589 274 rchor Murg
166 254 601 358 weizer-Männerchor)
959 190 1848 304 Murg, den 15. Dezember 1939.
300 477 1410 555 An meine vorgenannten Sangesbrüder !
318 599 1878 685 In den schicksalsentscheidenden Wochen, Monaten, ja
332 675 1884 747 vielleicht sogar Jahren, die für unser Vaterland im
330 715 1872 797 September 1939 zwangsweise begonnen haben, sind die
342 769 1944 861 Gedanken der Heimat stets draussen bei unseren braven
350 827 1912 915 Soldaten, welche mit eiserner Disziplin ihre Pflicht
362 885 1884 973 bis zum äussersten erfüllen, wenn es sein muss, bis
354 931 1854 1019 zur Hingabe ihres eigenen Lebens. Hart ist gar oft
360 995 1964 1071 das Los, das der oder jener Feldgraue zu ertragen hat,
368 1045 1846 1123 das er aber durchkostet und wenn es noch so schwer
401 1093 1944 1183 fällt, denn der Gedanke an sein Vaterland, an das was
401 1159 1912 1236 ihm zu Hause lieb und teuer ist, hilft ihm alles er-
382 1183 1974 1278 tragen. Wir in der Heimat versuchen uns hineinzudenken
384 1254 1946 1342 in die Strapazen eines Kriegers, sei es nun, weil uns
386 1316 1964 1394 irgend ein enges Band mit ihm umschliesst oder sei es,
390 1348 1918 1440 weil wir vielleicht schon selbst im Dienste für Volk
396 1400 1950 1484 und Vaterland solche Zeiten durchzukosten hatten. Und
401 1446 1940 1536 so bildet sich zwischen Front und Heimat eine schick-
411 1500 1942 1586 salsverbundene Gemeinschaft, welche in der oder jener
413 1570 1109 1652 Form zum Ausdruck kommt.
415 1600 1948 1712 Vorallem zeigt sich das Zusammengehörigkeitsgefühl in
421 1668 1970 1752 den kommenden Weihnachtstagen. Da denkt mit besonderer
427 1726 2021 1806 Liebe die Frau mit ihren Kindern an den im Felde stehen-
433 1778 2013 1856 den Mann , Vater und Mutter an ihren Sohn usw. Und wenn
439 1818 2003 1902 schliesslich der hl. Abend da ist, dann wird gewiss das
439 1870 1948 1948 Auge manches Soldaten, und wenn er sonst noch so hart
447 1914 1918 1999 ist, für einen Augenblick feucht. Er denkt zurück an
445 1972 2039 2039 seine Lieben in der Heimat, an die Zeit wo er in trautem
455 2011 1974 2099 Familienkreis Weihnachten unterm Christbaum in alther-
457 2085 1326 2153 gebrachter Weise feiern konnte.
479 2131 2047 2217 In diesen Tagen ist auch der Männerchor Murg in Gedanken
465 2175 1884 2265 ganz besonders bei seinen im Heerre dienenden Aktiv-
465 2223 2043 2307 Mitgliedern. In treuer Kameradschaft haben wir gemeinsam
469 2271 1846 2349 dem Ideal des Liedes gehuldigt. Jetzt musstet Ihr
473 2315 1932 2395 – so wollen wir hoffen –– für nur kurze Zeit von uns
483 2377 1902 2451 gehen. Wir daheim aber dienen dem Liede weiter, bis
477 2419 1966 2479 vielleicht noch mehr aus unseren Reihen in Eure Fuss-
489 2457 2015 2539 stapfen eintreten müssen, was evtl. eine vorübergehende
487 2515 2057 2583 Stockung im Gesangsleben unseres Vereins zur Folge hätte.
493 2577 1992 2653 Liebe Sangesbrüder! Eure Kameraden in der Heimat haben
489 2633 2015 2699 mich beauftragt, Euch zu Weihnachten eine kleine Freude
499 2669 1962 2731 zu machen. Ich tue es recht gerne durch dieses kleine
505 2729 1910 2781 Liebespäckchen. Es ist nicht viel,aber es kommt von
511 2763 1968 2828 Herzen. Wenn Euch die Gaben erreichen, dann denkt für
513 2830 1948 2870 einen kurzen Augenblick wenigstens an all die vielen
513 2850 2021 2916 schönen Stunden zurück, die uns Sänger schon vereinten.
525 2908 2123 2992 Und so wünschen wir jedem Einzelnen eine frohe Weihnachten,
525 2972 2071 3034 gleichzeitig aber auch ein gutes Neujahr, das Ihr gesund,
535 3014 1986 3068 glücklich und frohen Mutes antreten und beenden möget.
537 3058 1994 3108 Mit diesen Wünschen verbinden wir herzliche Grüsse aus
529 3106 831 3180 der Heimat.
1400 3158 1930 3234 Der Vereinsführer:
1510 3216 1932 3316 Zimmermann
