2479 3508
194 206 808 312 Sängergau XV Baden
235 298 803 353 im Nat. soz. Volkskulturwerk.
273 348 755 421 (Bad. Sängerbund, e. V.)
1421 34 2173 174 Aufbewahren.
1440 206 2277 332 Bruchsal. Kaiserstr. 10 den 31 Mai 1944.
1445 273 1866 329 Karlsruhe, Klosestr. I
656 537 811 634 An alle
656 629 1917 731 Sängerkreisgruppen, Sängerkreise und Chörer
646 697 1365 808 im Sängergau XV Baden
382 845 1137 970 Liebe Sangeskameraden!
392 941 2258 1041 Da die Abhaltung der üblichen Jahres-Hauptversammlung (Gausängertag) aus kriegsbedingten
315 1028 2238 1096 Gründen (Reise-Einschränkungen) auch in diesem Jahre nicht stattfinden kann, wollen wir mit
317 1091 2263 1152 sem Kundschreiben die wichtigsten Begebenheiten seit dem letzten Gausängertag am 27.9.1942
315 1154 1897 1251 bekanntgeben und nehmen hierbei auf das Rundschreiben vom 3.10.1942 Bezug.
1031 1258 1546 1362 I. Organisatorisches
392 1338 2241 1421 a) In der Zusammensetzung des Führerrates und der Führung der Geschäftsstelle
363 1413 2084 1515 s. Abschn. I. Ziff. 1.-6. des Rdschr. v. 3.10. 1942 — sind Änderungen nicht eingetreten.
392 1486 1055 1588 b) Neueinteilung des Sängergaues.
399 1561 2238 1626 Entsprechend der Forderung der neuen Satzung des DSB, daß die bisherigen Sängerkreise
324 1621 2234 1694 gebietlich nach den Kreisen der NSDAP ausgerichtet werden, mußten unsere bisherigen 14 Sänger-
315 1689 2226 1750 kreise so aufgeteilt werden, daß deren Gebiete genau mit den Gebieten der politischen Kreise über-
322 1742 2236 1808 einstimmten. Dadurch war die Aufteilung bzw. Abgrenzung in 27 Sängerkreise und eine teilweise
312 1788 2236 1859 Zusammenfassung in Sängerkreisgruppen notwendig und damit auch die Zuteilung einzelner Chöre
322 1851 2231 1914 zu anderen Sängerkreisen erforderlich. Hierüber wurden den Sängerkreisen von der Sängergaufüh-
315 1914 2236 1967 rung namentliche Listen der ab 1.1.1944 in ihren Bereich fallenden Chöre übergeben, worin die
322 1963 2069 2045 Chöre über den Zu- bzw. Abgang zu einem anderen Sängerkreis verständigt worden sind.
399 2026 2236 2093 Die Durchführung dieser Veränderungen brachte naturgemäß Wünsche über den Verbleib beim
317 2069 2229 2142 alten Sängerkreis, die aber in Anbetracht der einheitlichen Ausrichtung nicht erfüllbar sind. Die
315 2142 2236 2205 neuen Sängerkreise werden ebenfalls alles einsetzen, um ein ersprießliches Zusammenarbeiten auch
315 2200 2224 2277 und erst recht nach dem vollzogenen Wechsel zu gewährleisten, und an die Chöre ergeht die Auf-
315 2263 1600 2318 forderung, auch ihrerseits alles zu tun, um dieses Ziel zu erreichen.
397 2297 2236 2369 Über die durchgeführte Neueinteilung und die Besetzung in den Führungsstellen gibt die nach-
312 2364 2226 2430 stehende Aufstellung Kenntnis; aus ihr ist ersichtlich, zu welchen Sängerkreisen bzw Grup-
312 2422 2047 2524 pen die Chöre ab 1.1.1944 gehören, und unter welcher Führung die neuen Gebilde stehen.
387 2500 1239 2611 Über den Dienstweg ist folgendes festgelegt:
1106 2597 1416 2691 Sängergau
915 2727 1522 2834 S.Kr. Gruppe od. Haupt-S.Kreis.
745 2897 987 2979 Sängerkreis
1246 2860 2042 2998 Chor (Z. B. in Rechnungsangelegenheiten)
816 3044 927 3098 Chor
973 3040 1278 3173 und umgekehrt
