2479 3508
1381 256 2287 383 Rhina, den 1. November 1941.
546 482 738 598 Herrn
557 607 1196 721 Carl Burger,
557 688 1588 815 Ehrenführer d. Männerchors Murg,
564 794 955 931 Herrischried
559 983 990 1099 Mein Lieber !
574 1104 2196 1194 Ich muss heute wieder einmal mit einer Bitte an Dich-
559 1175 2171 1241 gelangen. Der Männerchor schickt seinen 20 Soldaten
574 1226 2156 1293 zu Weihnachten Päckchen. Finanziert sind dieselben.
572 1280 2151 1347 Ein Passiv-Mitglied hat RMk. 100.-- gestiftet. Wer,
577 1314 2244 1405 werde ich Dir gelegentlich mündlich sagen. Nun ist es
570 1381 2078 1435 aber recht schwer, die Päckchen zu füllen. Gerne
559 1422 2076 1491 möchten wir u.a. je 1/4 1tr.Schnaps beilegen, am-
561 1465 2184 1562 liebsten einen guten Obst-Schnaps. Wo aber soll man
566 1532 2059 1611 bis spätestens Ende November 5 Itr. auftreiben ?
574 1577 2214 1684 Da bin ich nun auf den Gedanken gekommen, ob Du evtl.
566 1646 2138 1717 auf Grund Deiner Beziehungen zu den"Wäldern“ etwas
579 1682 2214 1762 auftreiben kannst. Ich weis wohl, die Zeit ist augen-
568 1719 2287 1814 blicklich ungünstig, weil die Leute noch nicht gebrannt.
568 1805 2272 1863 haben. Deshalb wäre ich natürlich auch schon mit einer
568 1850 2216 1915 kleineren Menge zufrieden. Vielleicht bekommt man von
572 1900 2190 1964 anderer Seite noch etwas. Bitte, sei so gut und gebe-
574 1947 2095 2024 mir bald Bescheid, wenn Du Umschau gehalten hast.
559 2020 2257 2115 Neustadt hat mir auch nicht geantwortet trotzdem ich
577 2102 2259 2171 ebenfalls einen Freiumschlag beifügte. Ich kann so was
572 2147 2222 2199 nicht verstehen. Schön, wir haben Krieg. Der Vorstand
568 2192 2162 2257 ist vielleicht eingezogen. Aber da muss doch sonst
572 2239 2295 2328 noch ein Mensch da sein, der eingehende Post erledigt.
561 2300 2291 2420 Wann kann man Dich wieder einmal in Murg sehen. Es wäre
559 2396 2252 2487 jetzt an der Zeit, dass Du den restlichen Teil Deines
570 2437 1588 2517 Urlaubs nimmst. Herzlicher Gruss
1456 2511 1611 2627 Dein Alfons Zimmermann
