2479 3508
186 209 822 328 Männerchor Murg
190 296 829 402 (Alter Schweizer-Männerchor)
1649 321 2150 442 15. Januar 1940.
698 586 884 713 Herrn
706 751 1154 848 Fritz Brutschy
698 820 1138 920 Bäckermeister
700 898 951 996 Murg
712 1087 2123 1182 Für die uns am letzten Samstag, den 13.d.M. in
723 1171 2070 1260 so überreichen Mengen gestifteten 1a Bretzel
717 1239 2148 1359 danke ich Ihnen auch auf diesem Wege namens des
717 1324 1213 1423 Vereins bestens.
727 1379 2120 1491 Gerne hätten wir Sie im Hirschen unter uns ge-
723 1476 2154 1560 sehen. So wie ich Sie kenne, war mir allerdings
729 1546 2131 1649 klar, dass es keine einfache Sache ist, Sie in
723 1620 2156 1727 unsere Gesellschaft zu bringen. Immerhin wollte
727 1698 2249 1795 ich es doch durch Entsendung von 2 Sängerkameraden
736 1772 2101 1858 versuchen, von denen ich glaubte, dass sie es
729 1856 2038 1928 vielleicht fertig bringen, Sie umzustimmen.
723 1926 1586 2021 Leider aber war es nicht so.
721 1977 1759 2080 Also nochmals unseren besten Dank.
1317 2120 2099 2233 Mit deutschem Sängergruss
1417 2241 2013 2338 Der Vereinsführer:
