2479 3508
1309 257 2152 354 Murg, den 23. Januar 1944.
611 597 811 681 Herrn
605 685 1111 786 Hans Habig
613 794 895 872 Murg
617 1010 1362 1099 Mein lieber Chorleiter !
623 1086 2237 1224 zu Ihrem heutigen 60sten Geburtstag gratulieren Ihnen
628 1208 2103 1265 die Sängerkameraden durch mich von ganzem Herzen.
630 1239 2249 1309 Möge es Ihnen vergönnt sein, in der bisherigen jugend-
628 1292 2169 1360 lichen Beweglichkeit, in körperlicher und geistiger
628 1337 2278 1418 Frische noch recht viele Jahre im Kreise Ihrer Familie,
630 1389 2177 1461 Ihrer lb. Frau und Ihrer beiden Kinder verbringen zu
619 1434 839 1492 dürfen.
628 1496 2257 1617 Es gehört zur Tradtion des Männerchors, dass 60jährige
621 1586 2187 1646 Mitglieder in anderer Weise geehrt werden. Die Zeit-
621 1632 2204 1702 verhältnisse machen uns dies leider unmöglich. Nicht
623 1681 2261 1749 einmal ein Blümchen konnten wir trotz aller Bemühungen
623 1730 2208 1813 auftreiben. Aber deshalb sollen unsere guten Wünsche
615 1780 2117 1841 nicht minder sein. Also nochmals viel, viel Glück
619 1821 1562 1885 und Gesundheit für die Zukunft.
607 1924 2047 2004 Beiliegende Kleinigkeit soll gemütliche Stunden
623 1963 1138 2035 versüssen helfen.
1239 2076 1774 2148 Mit freundl. Gruss
1245 2142 1767 2226 und Heil Hitler !
1348 2218 1913 2329 Der Vereinsführer:
