2479 3508
1460 211 2345 326 Murg, den 20. Dezember, 1939.
634 539 858 655 An den
634 658 1188 756 Vereinsführer des
639 726 1443 830 Männerchor Säckingen (ABV)
643 802 990 890 Säckingen.
645 971 2033 1079 Verbindlichen Dank für die Einladung zu Ihrem
649 1064 1996 1136 gestrigen Konzert, insbesondere aber für die
645 1111 1326 1200 beigelegte Ehrenkarte.
649 1171 1967 1241 Zusammen mit unserem Chorleiter und einigen
643 1234 1988 1292 Sängern habe ich Ihre Veranstaltung besucht,
649 1283 2096 1362 die wieder in jeder Beziehung ein voller Erfolg
651 1335 1941 1394 gewesen ist. Gerne hätten wir uns nach dem
643 1375 2052 1449 Konzert, wenn auch wegen der Zugverbindung nur
639 1428 1990 1494 auf 1/2 Stündchen, mit Ihnen zusammengesetzt,
643 1479 2065 1543 doch wir sahen ein überfülltes Lokal und haben
639 1534 1998 1586 uns deshalb der kurzen Zeit wegen gleich zum
639 1575 2081 1643 Bahnhof begeben. Darf ich dafür auf diesem Wege
643 1630 1971 1696 für die uns bereiteten Stunden der Erbauung
643 1673 1228 1758 unseren Dank sagen.
634 1716 2065 1811 Fast unser ganzer l.Tenor ist gegenwärtig beim
638 1779 2150 1867 Heeresdienst. Wir sind deshalb z.Zt. leider nicht
634 1843 2109 1907 in der Lage mit einem Konzert an die Offentlich-
628 1899 2052 1962 keit zu treten. Wenn sich die Verhältnisse bei
639 1943 2058 2007 uns wieder geändert haben, würden wir uns auf-
630 1998 1971 2052 richtig freuen, auch Sie gelegentlich einer
638 2037 1986 2109 Veranstaltung unseres Vereins einmal in Murg
638 2082 2081 2164 begrüssen zu dürfen. Wir werden nicht verfehlen
624 2139 1586 2222 Sie seinerzeit dazu einzuladen.
1320 2245 1747 2354 Heil Hitler !
1260 2322 1871 2428 Der Vereinsführer:
1488 2397 1849 2514 Zimmermann
