2479 3508
1480 84 2262 203 Murg, den 16. Januar 1940.
473 210 648 345 Herrn
471 322 767 403 C. Bächle
473 387 1011 487 Sängerkreisführer.
475 461 897 599 Tiengen
468 592 2207 699 Anbei erhalten Sie die ausgefüllte Bestandserhebung 1940.
482 664 2274 748 in dreifacher Fertigung, ferner gleichzeitig einen Bericht
475 739 2349 832 über unsere am 6. d.M, stattgefundene Jahreshauptversammlung.
475 806 2232 906 Bei dieser Gelegenheit bitten wir Sie um gefl. Nachricht,
475 885 2262 946 ob seitens des Bundes oder Gaues Richtlinien oder gar Vor-
482 941 2325 1002 schriften festgelegt sind, mit wieviel Jahren Mitgliedschaft
482 995 2332 1074 Sänger zu ehren sind und in welcher Form die Jubilare geehrt
475 1044 2232 1151 werden sollen. Für eine baldige Antwort wäre ich dankbar.
1505 1142 1890 1263 Heil Hitler!
1384 1219 1960 1337 Der Vereinsführer:
