2479 3508
227 220 657 324 Sängerkreis 2.
236 292 877 389 C.Bächle, Kreisführer
236 363 789 460 Tiengen. /Oberrhein
1638 290 2233 402 Tiengen,25.Nov. 39.
910 473 2176 597 An die Männergesangvereine des Kreises 2.
644 616 2349 763 Laut Anordnung des Deutschen Sängerbundes sind sämtliche
638 731 2252 832 Männergesangvereine verpflichtet, den Anteil der Mit-
651 806 2319 888 glieder des DSB. an dem Geschehen unserer Tage in einem
644 875 1368 983 Ehrenbuch festzuhalten.
508 947 1431 1031 1. Es muß fostgehalten werden:
612 1040 2213 1104 a. welche Sangeskameraden zum Heeresdienst einberufen
696 1074 2304 1145 wurden und zwar unterscheiden wir dabei die unmittel-
696 1135 2302 1234 bar an der Front tätigen und die in Heimatdienst ver-
692 1184 1965 1254 wendeten Soldaten der Deutschen Wehrmacht.
692 1249 2274 1331 Name, Dienstgrad der Helden aus unseren Kreisen, die
705 1312 2304 1392 in Dienst für Führer und Volk ihr Höchstes, ihr Leben
700 1357 2265 1424 geopfort haben. Angabe des Datums und der Kampfhand-
692 1418 2326 1502 lung, bei der ein, Sangeskamerad fiel, ist obenso fest-
692 1452 973 1530 zuhalten.
601 1502 2183 1601 Die Durchführung dieser Anordnung ist Ehrensache für
603 1595 2239 1694 jedon Bundesverein; wir ersparen uns aus diesem Grunde
601 1660 1174 1751 jedes weitere Wort.
599 1731 1122 1826 Winterhilfswerk.
590 1811 2289 1904 Der Bundesführer erwartet von allen Sängerkreisführungen
597 1869 2207 1943 laufende und genaue Aufzeichnungen über sämtliche vom
601 1917 2200 1991 Sängerkreis selbst, von Arbeitsgeneinschaften und von
588 1975 2263 2066 Bundesvereinen durchgeführten Veranstaltungen zugunsten
592 2023 1673 2086 des Kriegswinterhilfswerkes 1939/40.
594 2064 2252 2148 Sämtliche Veranstaltungen und Mitwirkungen für das WHW.
586 2131 2263 2226 sind also dem Kreisführer von allen Vereinen laufend zu
581 2159 806 2239 melden.
625 2209 1997 2347 Besondere Voranstaltungen während des Krieges.
586 2313 2168 2401 Für die führenden Männer unserer Gliederungen ist es
581 2364 2287 2442 Ehrensache, bei allen Sammelveranstaltungen sich persön-
577 2414 2259 2509 lich einzuschalten. Aufgabe unserer Vereine oder der zu
573 2479 2284 2552 bildenden Arbeitsgemeinschaften ist es, das Sammelwerk d
575 2527 2252 2604 durch Liedvorträge zu umrahmen. Der Deutsche Sängerbund
566 2574 2269 2656 nimmt Berichte hierüber für die Sängerbundeszeitung auf,
568 2637 2200 2747 Wir verweisen auf das Schreiben unseres Kreisrechners
568 2708 2304 2812 v.16.ds.Its.: "Beiträge 1939 betreffend“ und ersuchen die
575 2777 2094 2896 Vereine ihrer Beitragspflicht sofort nachzukormen.
566 2857 2295 2959 Es ist der Wunsch des DSB-, daß die Vereine ihren Sanges-
562 2920 1913 3017 betrieb in vollem Unfange aufrecht erhalten.
555 3011 2239 3119 Der beiliegende Fragebogen ist bis spätestens 1.Doz.39
184 3004 417 3132 Termin!
558 3095 2207 3199 an den Unterzeichneten (Kreisführer C.Bächle, Tiengen)
555 3153 927 3261 einzusenden.
1390 3201 2146 3326 Mit deutschen Sängergruß
1576 3289 1965 3369 Heil Hitler!
1424 3324 2105 3460 C.Bächle, Kreisführer.
