2479 3508
156 42 478 146 Rudolf Weiss
174 133 455 208 Murg (Baden)
218 187 416 275 Postfach 6
1370 122 2253 275 Murg(Baden), den 3.Sept. 1940.
296 611 507 699 An den
309 657 819 761 Vereinsführer des
304 730 613 829 Männerchor
301 811 509 923 Murg
294 975 1216 1115 Am Mittwoch den 11.Sept. abends
1232 1024 2212 1136 8.30 Uhr findet eine grosse Kund-
301 1081 2253 1206 gebung des Volksbundes für das Deutschtum im Ausland statt, zu der
301 1156 2370 1279 sämtliche Parteiorganisationen und Vereine eingeladen sind. Es spricht
299 1232 2391 1388 Professor Dr. Bühler von Säckingen; anschliessend wird noch ein kleiner
309 1312 894 1419 Stehfilm vorgeführt.
294 1370 2178 1515 Auch den Männerchor Murg lade ich hiermit freundlichst zu dieser
304 1486 2126 1606 Versammlung ein und würde es begrüssen, wenn der Männerchor zu
299 1544 2209 1661 Beginn und am Schluss, der Kundgebung ein Lied zum Vortrag bringen
294 1629 2113 1788 würde. In der Hoffnung Ihre diesbezügliche Zusage zu erhalten,
294 1684 650 1796 zeichne ich
1245 1809 1856 1985 mit deutschem Gruss!
1575 1928 2040 2084 RWeiss
1224 2035 1850 2170 Ortsleiter des V.D.A.
