2479 3508
202 170 839 299 Männerchor Murg
206 283 851 372 (Alter Schweizer-Männerchor)
1297 233 2150 361 Murg, den 6. Dezember 1940.
662 542 859 635 Herrn
669 689 1030 782 Bächle
673 758 1204 866 Sängerkreisführer
671 853 1234 948 Tiengen/Hochrhein.
680 1071 2061 1163 Unser Sangesbruder Josef Albiez gehört
685 1152 2064 1207 seit dem Jahre 1915 ununterbrochen als Aktiv-
682 1202 2007 1263 Mitglied unserem Verein an. Er soll deshalb
685 1232 2093 1325 zu Weihnachten mit der silbernen Nadel vom Gau
690 1299 1969 1379 und durch 1 Ring vom Verein geehrt werden.
682 1358 2093 1456 was die silberne Nadel betrifft, so möchte ich
682 1451 2120 1511 Sie hierdurch bitten, uns dieselbe zu besorgen.
689 1504 2093 1571 Oder muss ich den Antrag beim Gauführer direkt
689 1545 1071 1626 einreichen ?
682 1610 2084 1726 Können Sie mir evtl. auch eine Adresse nennen,
690 1699 1757 1787 wo man Sängerringe her haben kann ?
1279 1835 1694 1952 Heil Hitler !
1256 1975 1832 2087 Der Vereinsführer
254 2510 376 2622 NB.
265 2610 1515 2692 Ich wohne seit 1 Jahr nicht mehr in Murg,
261 2672 1461 2728 sondern in Rhina. Das Vereinsführer-Amt
267 2710 1563 2783 bin ich bis jetzt nicht losgeworden. Bitte
261 2749 1646 2849 richten Sie also alle Pgst für unseren Verein
261 2821 1524 2898 bis auf Widerruf an nachstehende Adresse:
349 2883 1025 2957 Männerchor Murg/Baden,
349 2962 1735 3034 z.Hd.v.Herrn Alfons Zimmermann,Vereinsführer,
356 3007 1073 3091 Laufenburg-Rhina/Baden.
