2479 3508
1377 191 2171 323 Murg, den 4. Januar 1940.
700 518 889 629 Herrn
700 622 1161 731 Fritz Jung
700 690 1090 782 Malermeister
704 754 1031 849 Murg.
711 901 2043 989 Ich komme heute zurück auf Ihr Verhalten am
711 960 2169 1038 1.Januar d.J.- Begreiflicherweise muss ich mich ich mich
717 1031 2163 1082 dafür interessieren, warum Sie das Lokal so ur-
721 1069 2255 1153 plötzlich verlassen haben, bevor die Veranstaltung
711 1132 2134 1188 überhaupt eröffnet war. Sie erwähnten am Tisch
711 1151 2217 1230 bei Ihrem Weggang, in 15 Minuten wieder zurückzu-
721 1226 2153 1293 sein. Mir selbst aber sagten Sie vor dem Lokal,
711 1279 2106 1339 dass ein Rückkehren wegen des starken Rauches
708 1320 2134 1388 nicht mehr in Frage käme. Ich kann beim besten
715 1379 2134 1444 Willen nicht annehmen, dass dies der wirkliche
711 1417 2159 1482 Grund war, Sie können sich vorstellen, wir sind
717 1475 2188 1553 durch Ihren Weggang in eine gewisse Verlegenheit
723 1520 2136 1585 gekommen, die hauptsächlich für den Dirigenten
715 1578 2066 1635 und mich unangenehm war. Bekanntlich ist der
711 1629 2102 1687 erste Tenor von den Einberufungen zum Heeres-
717 1675 2041 1735 dienst am meisten mitgenommen, sodass diese
715 1719 2096 1784 Stimme heute auf jeden Sänger angewiesen ist,
715 1771 2134 1828 im besondern aber auf Stimmführer. Durch Ihren
711 1826 2039 1886 Weggang hatten wir nun an Neujahr praktisch
711 1861 2134 1939 keinen ersten Tenor. Döbele Ludwig war und ist
711 1907 2220 1976 zum Unglück krank. Denz glänzte durch Abwesenheit
711 1970 2069 2035 und Suter Julius erklärte sich selbst ausser
711 2022 1706 2100 Stande l.Tenor allein zu singen.
717 2075 2079 2163 Ich möchte Sie also höflich bitten, mir noch
721 2144 2092 2213 vor der Generalversammlung klaren Wein einzu-
715 2194 2085 2261 schenken, damit ich überlegen kann, wie sich
708 2240 2102 2308 die Wiederholung eines derartigen Falles ver-
711 2285 2043 2362 meiden lässt. Im übrigen kennen wir Sie als
700 2339 2020 2408 Sänger, der stets auf gute Sängerdisziplin
711 2393 2134 2475 besonderen Wert legt. Gerade aus diesem Grunde
706 2446 2163 2536 aber kann ich mir Ihr Verhalten nicht erklären.
1381 2515 1796 2630 Heil Hitler !
1222 2591 1823 2706 Der Vereinsführer:
1377 2670 1934 2808 A Zimmermann
