<?xml version="1.0" encoding="UTF-8" standalone="yes"?>
<PcGts xmlns="http://schema.primaresearch.org/PAGE/gts/pagecontent/2013-07-15" xmlns:xsi="http://www.w3.org/2001/XMLSchema-instance" xsi:schemaLocation="http://schema.primaresearch.org/PAGE/gts/pagecontent/2013-07-15 http://schema.primaresearch.org/PAGE/gts/pagecontent/2013-07-15/pagecontent.xsd">
    <Metadata>
        <Creator>prov=READ-COOP:name=PyLaia@TranskribusPlatform:version=2.23.0:model_id=287793:lm=none:date=20_02_2025_15:11</Creator>
        <Created>2025-01-23T13:10:22.129+01:00</Created>
        <LastChange>2025-03-13T17:23:49.945+01:00</LastChange>
    </Metadata>
    <Page imageFilename="0001_p001.jpg" imageWidth="2479" imageHeight="3508">
        <ReadingOrder>
            <OrderedGroup id="ro_1744120256985" caption="Regions reading order">
                <RegionRefIndexed index="0" regionRef="tr_1"/>
            </OrderedGroup>
        </ReadingOrder>
        <TextRegion orientation="0.0" id="tr_1" custom="readingOrder {index:0;}">
            <Coords points="340,978 340,1915 1886,1915 1886,978"/>
            <TextLine id="l" custom="readingOrder {index:0;} organization {offset:0; length:20;} place {offset:22; length:24;}">
                <Coords points="331,961 404,938 702,930 1599,945 1847,994 1835,1057 331,1042"/>
                <Baseline points="340,1015 372,1014 405,1010 437,1009 470,1008 502,1006 535,1008 567,1012 600,1015 632,1015 665,1013 698,1011 730,1009 763,1009 795,1009 828,1009 860,1009 893,1007 925,1008 958,1010 991,1012 1038,1012 1078,1009 1119,1009 1159,1009 1200,1011 1241,1012 1281,1012 1322,1012 1363,1013 1403,1015 1444,1012 1485,1009 1525,1012 1566,1012 1607,1012 1647,1014 1688,1015 1729,1018 1769,1021 1810,1022 1851,1024"/>
                <TextEquiv>
                    <Unicode>Firma Fr. Wiegelmann, Heidelberg, Hauptstr.215</Unicode>
                </TextEquiv>
            </TextLine>
            <TextLine id="tr_1_tl_3" custom="readingOrder {index:1;} place {offset:0; length:4;} date {offset:10; length:12;when:14.12.1940;} creation_place {offset:0; length:4;} creation_date {offset:10; length:12;when:14.12.1940;}">
                <Coords points="1023,1101 1206,1126 1266,1102 1332,1123 1397,1097 1432,1120 1578,1097 1742,1126 1742,1052 1708,1037 1570,1059 1466,1035 1023,1044"/>
                <Baseline points="1032,1083 1067,1083 1103,1083 1139,1083 1174,1083 1210,1083 1246,1083 1281,1085 1317,1086 1353,1086 1389,1086 1424,1084 1460,1081 1496,1080 1531,1080 1567,1083 1603,1083 1638,1083 1674,1083 1710,1083 1746,1086"/>
                <TextEquiv>
                    <Unicode>Murg, den 14. Dez.1940.</Unicode>
                </TextEquiv>
            </TextLine>
            <TextLine id="tr_1_tl_4" custom="readingOrder {index:2;} organization {offset:25; length:13;}">
                <Coords points="488,1185 1653,1189 1623,1114 488,1113"/>
                <Baseline points="498,1167 555,1165 613,1167 671,1167 729,1164 787,1167 845,1167 903,1167 961,1168 1019,1170 1077,1170 1134,1170 1192,1171 1250,1171 1308,1173 1366,1171 1424,1171 1482,1170 1540,1170 1598,1172 1656,1179"/>
                <TextEquiv>
                    <Unicode>Früher hatten Sie in der Sängerzeitung</Unicode>
                </TextEquiv>
            </TextLine>
            <TextLine id="tr_1_tl_5" custom="readingOrder {index:3;}">
                <Coords points="488,1247 1739,1242 1739,1187 1689,1173 488,1185"/>
                <Baseline points="498,1230 560,1221 622,1218 684,1218 747,1216 809,1218 871,1216 933,1220 996,1222 1058,1224 1120,1224 1182,1222 1245,1224 1307,1224 1369,1224 1431,1224 1494,1224 1556,1224 1618,1224 1680,1226 1743,1227"/>
                <TextEquiv>
                    <Unicode>goldene Sängerringe inseriert. Können Sie</Unicode>
                </TextEquiv>
            </TextLine>
            <TextLine id="tr_1_tl_6" custom="readingOrder {index:4;}">
                <Coords points="497,1282 1649,1292 1677,1239 495,1240"/>
                <Baseline points="507,1265 565,1268 624,1268 682,1268 741,1266 800,1268 858,1265 917,1268 976,1268 1034,1270 1093,1274 1152,1271 1210,1271 1269,1271 1328,1271 1386,1269 1445,1268 1504,1272 1562,1274 1621,1274 1680,1277"/>
                <TextEquiv>
                    <Unicode>z.Zt. auch liefern ? Wir sollten 1 Ring</Unicode>
                </TextEquiv>
            </TextLine>
            <TextLine id="tr_1_tl_7" custom="readingOrder {index:5;}">
                <Coords points="497,1339 1884,1346 1846,1273 497,1282"/>
                <Baseline points="507,1313 579,1316 652,1316 724,1316 797,1316 869,1316 942,1318 1015,1319 1087,1322 1160,1322 1232,1319 1305,1319 1377,1322 1450,1322 1523,1322 1595,1322 1668,1322 1740,1322 1813,1322 1886,1325"/>
                <TextEquiv>
                    <Unicode>für einen Kameraden mit 25 Sängerjahren haben.</Unicode>
                </TextEquiv>
            </TextLine>
            <TextLine id="tr_1_tl_8" custom="readingOrder {index:6;}">
                <Coords points="490,1413 1653,1413 1651,1358 1525,1342 1190,1377 1125,1339 488,1344"/>
                <Baseline points="498,1394 555,1393 613,1391 671,1391 729,1391 787,1392 845,1392 903,1394 961,1392 1019,1394 1077,1394 1134,1398 1192,1400 1250,1398 1308,1397 1366,1398 1424,1398 1482,1397 1540,1397 1598,1399 1656,1403"/>
                <TextEquiv>
                    <Unicode>Ausserdem frage ich an, ob gegenwärtig</Unicode>
                </TextEquiv>
            </TextLine>
            <TextLine id="tr_1_tl_9" custom="readingOrder {index:7;}">
                <Coords points="492,1463 1835,1468 1835,1396 1113,1432 971,1394 492,1404"/>
                <Baseline points="501,1444 567,1442 634,1442 701,1442 768,1442 835,1444 902,1444 969,1444 1036,1447 1103,1449 1170,1453 1236,1449 1303,1450 1370,1449 1437,1450 1504,1450 1571,1450 1638,1450 1705,1450 1772,1448 1839,1450"/>
                <TextEquiv>
                    <Unicode>Sängernadeln für 10, 15, 20 jährige zu haben</Unicode>
                </TextEquiv>
            </TextLine>
            <TextLine id="tr_1_tl_10" custom="readingOrder {index:8;}">
                <Coords points="495,1523 505,1523 516,1513 573,1515 580,1509 604,1521 630,1513 652,1516 650,1466 640,1468 630,1459 576,1463 547,1452 538,1461 493,1463"/>
                <Baseline points="504,1492 529,1494 554,1495 580,1495 605,1496 630,1497 656,1498"/>
                <TextEquiv>
                    <Unicode>sind.</Unicode>
                </TextEquiv>
            </TextLine>
            <TextLine id="tr_1_tl_11" custom="readingOrder {index:9;}">
                <Coords points="488,1587 1863,1601 1863,1527 1811,1497 1640,1537 1358,1501 488,1520"/>
                <Baseline points="498,1564 566,1564 635,1567 703,1567 772,1567 840,1569 909,1568 977,1570 1046,1569 1114,1567 1183,1570 1251,1570 1320,1570 1388,1570 1457,1571 1525,1570 1594,1573 1662,1573 1731,1573 1799,1576 1868,1582"/>
                <TextEquiv>
                    <Unicode>Wie sind die Preise sowohl für den Sängerring</Unicode>
                </TextEquiv>
            </TextLine>
            <TextLine id="tr_1_tl_12" custom="readingOrder {index:10;}">
                <Coords points="500,1632 1804,1640 1804,1589 1732,1584 500,1584"/>
                <Baseline points="510,1618 578,1619 646,1618 715,1618 783,1618 851,1618 920,1621 988,1621 1056,1620 1125,1620 1193,1624 1262,1624 1330,1621 1398,1621 1467,1624 1535,1621 1603,1624 1672,1624 1740,1624 1809,1624"/>
                <TextEquiv>
                    <Unicode>wie auch für die Nadeln ? Ich erwarte Ihren</Unicode>
                </TextEquiv>
            </TextLine>
            <TextLine id="tr_1_tl_13" custom="readingOrder {index:11;}">
                <Coords points="497,1689 1861,1687 1846,1625 497,1630"/>
                <Baseline points="507,1671 574,1665 642,1665 710,1666 778,1665 846,1665 914,1665 982,1668 1050,1668 1118,1668 1186,1671 1253,1670 1321,1671 1389,1671 1457,1670 1525,1670 1593,1671 1661,1671 1729,1671 1797,1671 1865,1671"/>
                <TextEquiv>
                    <Unicode>postwendenden Bescheid, weil ich die Ehrungen</Unicode>
                </TextEquiv>
            </TextLine>
            <TextLine id="tr_1_tl_14" custom="readingOrder {index:12;} date {offset:0; length:14;when:24.12.1940;} date {offset:26; length:7;when:01.01.1941;}">
                <Coords points="495,1728 1861,1754 1861,1687 1704,1678 495,1694"/>
                <Baseline points="504,1719 572,1719 640,1719 708,1718 776,1716 844,1716 912,1716 980,1719 1048,1716 1116,1716 1184,1717 1252,1719 1320,1720 1388,1722 1456,1722 1524,1722 1592,1722 1660,1722 1728,1723 1796,1722 1865,1722"/>
                <TextEquiv>
                    <Unicode>zu Weihnachten spätestens Neujahr durchführen</Unicode>
                </TextEquiv>
            </TextLine>
            <TextLine id="tr_1_tl_15" custom="readingOrder {index:13;}">
                <Coords points="488,1808 519,1816 540,1803 574,1801 609,1811 656,1792 676,1803 693,1796 724,1803 723,1735 697,1741 678,1730 666,1739 638,1727 593,1734 543,1727 533,1739 509,1735 486,1744"/>
                <Baseline points="498,1770 523,1768 549,1767 574,1767 600,1768 625,1770 651,1770 676,1770 702,1770 728,1773"/>
                <TextEquiv>
                    <Unicode>möchte.</Unicode>
                </TextEquiv>
            </TextLine>
            <TextLine id="tr_1_tl_16" custom="readingOrder {index:14;}">
                <Coords points="1145,1851 1223,1847 1235,1860 1264,1839 1306,1851 1499,1828 1558,1844 1558,1751 1506,1770 1485,1749 1451,1763 1420,1739 1361,1763 1244,1749 1178,1760 1145,1739"/>
                <Baseline points="1155,1821 1180,1821 1205,1821 1231,1821 1256,1821 1281,1821 1307,1822 1332,1824 1358,1824 1383,1824 1408,1822 1434,1821 1459,1821 1484,1821 1510,1821 1535,1822 1561,1821"/>
                <TextEquiv>
                    <Unicode>Heil Hitler !</Unicode>
                </TextEquiv>
            </TextLine>
            <TextLine id="tr_1_tl_17" custom="readingOrder {index:15;} person {offset:4; length:13;} role {offset:4; length:13;}">
                <Coords points="1056,1922 1249,1932 1351,1913 1470,1932 1528,1915 1575,1934 1615,1918 1615,1863 1473,1841 1180,1860 1054,1811"/>
                <Baseline points="1065,1895 1092,1895 1120,1895 1147,1895 1175,1894 1203,1892 1230,1894 1258,1895 1286,1895 1313,1895 1341,1895 1369,1895 1396,1895 1424,1895 1452,1897 1479,1898 1507,1898 1535,1898 1562,1898 1590,1900 1618,1901"/>
                <TextEquiv>
                    <Unicode>Der Vereinsführer:</Unicode>
                </TextEquiv>
            </TextLine>
            <TextEquiv>
                <Unicode></Unicode>
            </TextEquiv>
        </TextRegion>
    </Page>
</PcGts>