<?xml version="1.0" encoding="UTF-8" standalone="yes"?>
<PcGts xmlns="http://schema.primaresearch.org/PAGE/gts/pagecontent/2013-07-15" xmlns:xsi="http://www.w3.org/2001/XMLSchema-instance" xsi:schemaLocation="http://schema.primaresearch.org/PAGE/gts/pagecontent/2013-07-15 http://schema.primaresearch.org/PAGE/gts/pagecontent/2013-07-15/pagecontent.xsd">
    <Metadata>
        <Creator>prov=READ-COOP:name=PyLaia@TranskribusPlatform:version=2.20.0:model_id=50870:lm=none:date=06_02_2025_18:22</Creator>
        <Created>2025-01-22T16:57:22.320+01:00</Created>
        <LastChange>2025-02-11T12:09:41.198+01:00</LastChange>
        <TranskribusMetadata docId="6478888" pageId="89799487" pageNr="4" tsid="227950136" status="GT" userId="134428" imgUrl="https://files.transkribus.eu/Get?id=UPKWQOYTFSCDMBTJTAJDQPHG&amp;fileType=view" xmlUrl="https://files.transkribus.eu/Get?id=NNBDWVWDZDBOIICJMIPNQSWE" imageId="74816631"/>
    </Metadata>
    <Page imageFilename="p004.jpg" imageWidth="2479" imageHeight="3508">
        <ReadingOrder>
            <OrderedGroup id="ro_1741262746202" caption="Regions reading order">
                <RegionRefIndexed index="0" regionRef="r"/>
                <RegionRefIndexed index="1" regionRef="r_2"/>
            </OrderedGroup>
        </ReadingOrder>
        <TextRegion id="r" custom="readingOrder {index:0;}">
            <Coords points="225,193 310,193 310,245 225,245"/>
            <TextEquiv>
                <Unicode></Unicode>
            </TextEquiv>
        </TextRegion>
        <TextRegion id="r_2" custom="readingOrder {index:1;}">
            <Coords points="203,258 2381,258 2381,3191 203,3191"/>
            <TextLine id="r_2_tl_1" custom="readingOrder {index:0;}">
                <Coords points="308,329 2338,295 2332,247 1206,261 1164,221 1066,269 311,276"/>
                <Baseline points="322,310 328,310 373,307 417,310 462,307 507,307 552,307 597,307 641,310 686,310 731,310 776,310 821,310 865,307 910,307 955,307 1000,307 1044,307 1089,307 1134,307 1179,307 1224,304 1268,304 1313,304 1358,304 1403,304 1447,304 1492,304 1537,301 1582,301 1627,301 1671,301 1716,301 1761,298 1806,298 1851,298 1895,295 1940,295 1985,292 2030,289 2074,286 2119,286 2164,286 2209,286 2254,283 2298,283 2343,280"/>
                <TextEquiv>
                    <Unicode>c) Die im Elsaß freigestellten Männerchöre sind nach abgeschlossener Aufbauarbeit seit 1. 10. 1943 ebenfalls dem</Unicode>
                </TextEquiv>
            </TextLine>
            <TextLine id="r_2_tl_2" custom="readingOrder {index:1;}">
                <Coords points="242,369 2340,340 2340,303 2269,290 1374,332 245,316"/>
                <Baseline points="256,352 286,355 331,355 376,355 420,355 465,355 510,355 555,355 600,355 644,355 689,355 734,355 779,355 824,355 868,352 913,352 958,352 1003,352 1047,352 1092,352 1137,349 1182,349 1227,349 1271,349 1316,349 1361,349 1406,349 1450,349 1495,349 1540,349 1585,349 1630,349 1674,349 1719,346 1764,346 1809,346 1854,340 1898,340 1943,340 1988,340 2033,337 2077,334 2122,334 2167,334 2212,331 2257,328 2301,328 2346,328"/>
                <TextEquiv>
                    <Unicode>Deutschen Sängerbund und damit dem Sängergau Baden/Elsaß angegliedert. Die Sängergauführung Baden betreut dem-</Unicode>
                </TextEquiv>
            </TextLine>
            <TextLine id="r_2_tl_3" custom="readingOrder {index:2;}">
                <Coords points="234,405 2332,387 2332,342 2246,334 234,376"/>
                <Baseline points="250,400 280,403 325,403 370,403 414,400 459,400 504,400 549,403 594,400 638,400 683,400 728,400 773,400 818,400 862,400 907,400 952,400 997,400 1041,400 1086,400 1131,397 1176,397 1221,397 1265,397 1310,397 1355,397 1400,397 1444,394 1489,394 1534,394 1579,394 1624,394 1668,394 1713,391 1758,391 1803,391 1848,391 1892,388 1937,388 1982,385 2027,385 2071,382 2116,379 2161,379 2206,376 2251,376 2295,376 2340,370"/>
                <TextEquiv>
                    <Unicode>nach neben den badischen Männerchören auch diejenigen im Elsaß; eine Nebenstelle der Sängergauführung ist in Straß-</Unicode>
                </TextEquiv>
            </TextLine>
            <TextLine id="r_2_tl_4" custom="readingOrder {index:3;}">
                <Coords points="242,461 2332,434 2317,384 242,416"/>
                <Baseline points="256,438 280,447 325,444 370,450 414,444 459,444 504,444 549,447 594,444 638,447 683,444 728,444 773,447 818,447 862,444 907,447 952,444 997,444 1041,447 1086,447 1131,444 1176,441 1221,444 1265,444 1310,444 1355,444 1400,441 1444,441 1489,438 1534,441 1579,441 1624,438 1668,438 1713,432 1758,435 1803,435 1848,435 1892,432 1937,432 1982,429 2027,429 2071,429 2116,423 2161,423 2206,423 2251,423 2295,420 2340,417"/>
                <TextEquiv>
                    <Unicode>burg i. Els. errichtet zur Erledigung der organisatorischen Maßnahmen, während die wirtschaftlichen Belange durch die</Unicode>
                </TextEquiv>
            </TextLine>
            <TextLine id="r_2_tl_5" custom="readingOrder {index:4;}">
                <Coords points="245,508 2343,484 2343,429 245,461"/>
                <Baseline points="259,492 289,492 334,492 379,492 423,492 468,492 513,492 558,492 603,492 647,489 692,492 737,492 782,492 826,489 871,492 916,492 961,492 1006,492 1050,492 1095,492 1140,492 1185,492 1230,489 1274,489 1319,489 1364,486 1409,489 1453,489 1498,486 1543,483 1588,483 1633,483 1677,480 1722,483 1767,480 1812,480 1857,480 1901,480 1946,477 1991,474 2036,477 2080,471 2125,471 2170,471 2215,468 2260,468 2304,468 2349,465"/>
                <TextEquiv>
                    <Unicode>badische Kassen- und Wirtschaftsführung des Sängergaus betreut werden. Es darf mit Genugtung festgestellt werden,</Unicode>
                </TextEquiv>
            </TextLine>
            <TextLine id="r_2_tl_6" custom="readingOrder {index:5;}">
                <Coords points="232,542 2340,524 2317,476 234,513"/>
                <Baseline points="250,537 286,537 331,537 376,537 420,537 465,540 510,537 555,540 600,540 644,540 689,537 734,540 779,537 824,537 868,537 913,537 958,540 1003,540 1047,537 1092,537 1137,537 1182,537 1227,537 1271,537 1316,534 1361,534 1406,534 1450,531 1495,531 1540,531 1585,531 1630,528 1674,531 1719,531 1764,528 1809,528 1854,525 1898,528 1943,525 1988,522 2033,519 2077,519 2122,519 2167,516 2212,516 2257,513 2301,510 2346,507"/>
                <TextEquiv>
                    <Unicode>daß das neu aufgebaute Sangeswesen im Elsaß recht gute Ansätze in seiner Aufwärtsbewegung zeigt, wozu die Ein-</Unicode>
                </TextEquiv>
            </TextLine>
            <TextLine id="r_2_tl_7" custom="readingOrder {index:6;}">
                <Coords points="242,598 2293,579 2340,524 242,553"/>
                <Baseline points="256,585 286,585 331,582 376,582 420,585 465,582 510,582 555,582 600,585 644,585 689,585 734,582 779,585 824,582 868,582 913,585 958,585 1003,585 1047,585 1092,585 1137,582 1182,582 1227,582 1271,579 1316,579 1361,579 1406,579 1450,579 1495,576 1540,576 1585,576 1630,576 1674,576 1719,573 1764,576 1809,573 1854,573 1898,570 1943,570 1988,567 2033,567 2077,567 2122,564 2167,561 2212,561 2257,558 2301,558 2346,555"/>
                <TextEquiv>
                    <Unicode>führung des NS Volkskulturwerkes und die große Unterstützung des CdZ. im Elsaß, besonders auf wirt-</Unicode>
                </TextEquiv>
            </TextLine>
            <TextLine id="r_2_tl_8" custom="readingOrder {index:7;}">
                <Coords points="240,637 2267,632 2338,613 2340,563 240,605"/>
                <Baseline points="253,629 286,632 331,632 376,632 420,629 465,626 510,629 555,629 600,626 644,629 689,626 734,626 779,626 824,629 868,632 913,629 958,629 1003,626 1047,626 1092,626 1137,626 1182,626 1227,626 1271,626 1316,626 1361,623 1406,626 1450,626 1495,623 1540,623 1585,620 1630,623 1674,623 1719,620 1764,620 1809,618 1854,618 1898,618 1943,618 1988,615 2033,615 2077,612 2122,609 2167,609 2212,606 2257,606 2301,603 2346,597"/>
                <TextEquiv>
                    <Unicode>schaftlichem Gebiet (Notenbeschaffung etc.) sich außerordentlich fördernd erwiesen haben. Sämtliche elsässischen Männer-</Unicode>
                </TextEquiv>
            </TextLine>
            <TextLine id="r_2_tl_9" custom="readingOrder {index:8;}">
                <Coords points="247,687 2340,666 2340,613 247,653"/>
                <Baseline points="262,674 286,677 331,674 376,674 420,674 465,674 510,674 555,674 600,674 644,674 689,671 734,674 779,674 824,674 868,674 913,674 958,674 1003,674 1047,674 1092,674 1137,674 1182,671 1227,671 1271,671 1316,674 1361,671 1406,671 1450,671 1495,671 1540,671 1585,668 1630,668 1674,665 1719,668 1764,665 1809,665 1854,662 1898,665 1943,662 1988,659 2033,659 2077,659 2122,656 2167,653 2212,653 2257,650 2301,647 2346,647"/>
                <TextEquiv>
                    <Unicode>chöre sind auch in die Reichsmusikkammer eingegliedert worden. Zu unserer großen Freude dürfen wir</Unicode>
                </TextEquiv>
            </TextLine>
            <TextLine id="r_2_tl_10" custom="readingOrder {index:9;}">
                <Coords points="245,734 2338,708 2314,661 245,690"/>
                <Baseline points="259,719 283,719 328,716 373,719 417,722 462,719 507,719 552,719 597,719 641,722 686,722 731,719 776,719 821,719 865,719 910,719 955,722 1000,722 1044,719 1089,719 1134,719 1179,719 1224,719 1268,719 1313,719 1358,716 1403,716 1447,716 1492,716 1537,716 1582,713 1627,713 1671,710 1716,710 1761,710 1806,710 1851,710 1895,710 1940,707 1985,704 2030,704 2074,701 2119,701 2164,701 2209,698 2254,701 2298,695 2343,692"/>
                <TextEquiv>
                    <Unicode>feststellen, daß die nachbarlichen Beziehungen auf gesanglichem Gebiet zwischen Baden und Elsaß durch große</Unicode>
                </TextEquiv>
            </TextLine>
            <TextLine id="r_2_tl_11" custom="readingOrder {index:10;}">
                <Coords points="245,777 2346,763 2319,706 247,734"/>
                <Baseline points="259,767 292,767 337,767 382,767 426,767 471,767 516,767 561,767 606,764 650,764 695,767 740,767 785,767 829,770 874,767 919,767 964,767 1009,764 1053,767 1098,767 1143,767 1188,767 1233,764 1277,767 1322,767 1367,764 1412,764 1456,761 1501,761 1546,761 1591,758 1636,758 1680,758 1725,758 1770,758 1815,758 1859,755 1904,755 1949,749 1994,749 2039,749 2083,749 2128,746 2173,746 2218,743 2263,743 2307,743 2352,740"/>
                <TextEquiv>
                    <Unicode>Gemeinschaftskonzerte sich anbahnten und damit eine Brücke bauten über den deutschen Rhein. Besonders haben sich </Unicode>
                </TextEquiv>
            </TextLine>
            <TextLine id="r_2_tl_12" custom="readingOrder {index:11;}">
                <Coords points="242,819 2338,800 2309,750 245,790"/>
                <Baseline points="256,812 283,812 328,812 373,815 417,812 462,812 507,812 552,812 597,812 641,812 686,812 731,812 776,812 821,812 865,815 910,815 955,812 1000,812 1044,812 1089,812 1134,812 1179,812 1224,809 1268,809 1313,809 1358,806 1403,809 1447,809 1492,809 1537,809 1582,809 1627,806 1671,806 1716,803 1761,803 1806,803 1851,800 1895,800 1940,797 1985,794 2030,794 2074,794 2119,794 2164,794 2209,791 2254,791 2298,788 2343,788"/>
                <TextEquiv>
                    <Unicode>darin die Chöre der Städte Freiburg i. Br. und Mülhausen i. Els. vorbildlich gezeigt. Wir geben der Hoffnung Ausdruck,</Unicode>
                </TextEquiv>
            </TextLine>
            <TextLine id="r_2_tl_13" custom="readingOrder {index:12;}">
                <Coords points="247,866 2338,848 2319,798 247,827"/>
                <Baseline points="262,856 283,859 328,856 373,856 417,856 462,859 507,859 552,859 597,859 641,859 686,859 731,856 776,856 821,856 865,856 910,856 955,856 1000,856 1044,856 1089,856 1134,856 1179,856 1224,853 1268,853 1313,853 1358,853 1403,853 1447,853 1492,853 1537,850 1582,850 1627,847 1671,850 1716,847 1761,847 1806,844 1851,844 1895,844 1940,841 1985,841 2030,838 2074,838 2119,838 2164,838 2209,835 2254,835 2298,832 2343,829"/>
                <TextEquiv>
                    <Unicode>daß diese freundnachbarlichen Beziehungen sich immer weiter ausdehnen und daß damit auch das deutsche Lied in</Unicode>
                </TextEquiv>
            </TextLine>
            <TextLine id="r_2_tl_14" custom="readingOrder {index:13;}">
                <Coords points="250,924 1098,945 1158,911 1543,929 1745,892 1832,932 2332,890 2332,850 2253,842 250,869"/>
                <Baseline points="265,904 280,901 325,904 370,901 414,901 459,901 504,904 549,904 594,901 638,904 683,904 728,904 773,904 818,901 862,901 907,901 952,901 997,904 1041,901 1086,901 1131,904 1176,901 1221,901 1265,901 1310,901 1355,901 1400,898 1444,898 1489,898 1534,898 1579,895 1624,895 1668,892 1713,892 1758,892 1803,892 1848,892 1892,889 1937,889 1982,886 2027,886 2071,883 2116,880 2161,880 2206,880 2251,880 2295,880 2340,874"/>
                <TextEquiv>
                    <Unicode>seinem Teil dazu beiträgt, die früheren Bande der Zusammengehörigkeit deutscher Stämme beiderseits des Rheines</Unicode>
                </TextEquiv>
            </TextLine>
            <TextLine id="r_2_tl_15" custom="readingOrder {index:14;}">
                <Coords points="250,971 332,982 350,966 384,979 445,961 498,979 516,966 603,966 603,900 561,927 429,911 403,924 313,913 250,927"/>
                <Baseline points="265,943 310,946 355,946 400,949 444,949 489,949 534,949 579,949 606,949"/>
                <TextEquiv>
                    <Unicode>wieder zu festigen!</Unicode>
                </TextEquiv>
            </TextLine>
            <TextLine id="r_2_tl_16" custom="readingOrder {index:15;}">
                <Coords points="313,1008 2340,982 2340,945 2119,924 313,982"/>
                <Baseline points="328,1003 331,1003 376,1003 420,1000 465,1000 510,1000 555,1003 600,1000 644,1003 689,1003 734,1003 779,1003 824,1003 868,1003 913,1000 958,1000 1003,1000 1047,1000 1092,1000 1137,1000 1182,1000 1227,997 1271,1000 1316,997 1361,997 1406,997 1450,997 1495,994 1540,994 1585,994 1630,991 1674,991 1719,991 1764,988 1809,988 1854,988 1898,985 1943,985 1988,982 2033,982 2077,979 2122,979 2167,979 2212,976 2257,976 2301,976 2346,970"/>
                <TextEquiv>
                    <Unicode>d) Durch die Eingliederung des Deutschen Sängerbundes in das Nationalsozialistische Volkskultur-</Unicode>
                </TextEquiv>
            </TextLine>
            <TextLine id="r_2_tl_17" custom="readingOrder {index:16;}">
                <Coords points="250,1056 2340,1035 2340,982 250,1024"/>
                <Baseline points="265,1047 283,1044 328,1047 373,1047 417,1047 462,1047 507,1047 552,1044 597,1044 641,1044 686,1047 731,1047 776,1044 821,1044 865,1044 910,1044 955,1044 1000,1044 1044,1044 1089,1044 1134,1044 1179,1044 1224,1044 1268,1044 1313,1041 1358,1041 1403,1041 1447,1038 1492,1038 1537,1035 1582,1038 1627,1035 1671,1035 1716,1035 1761,1035 1806,1035 1851,1032 1895,1032 1940,1030 1985,1027 2030,1027 2074,1024 2119,1024 2164,1021 2209,1024 2254,1024 2298,1021 2343,1021"/>
                <TextEquiv>
                    <Unicode>werk ist auch der Sängergau Baden-Elsaß darin eingegliedert und es muß von jedem Sänger und jeder Sängerin</Unicode>
                </TextEquiv>
            </TextLine>
            <TextLine id="r_2_tl_18" custom="readingOrder {index:17;}">
                <Coords points="247,1106 2330,1074 2332,1035 2174,1024 1164,1069 250,1048"/>
                <Baseline points="262,1089 280,1092 325,1092 370,1089 414,1092 459,1092 504,1092 549,1089 594,1092 638,1089 683,1089 728,1092 773,1092 818,1092 862,1092 907,1089 952,1092 997,1092 1041,1089 1086,1089 1131,1089 1176,1089 1221,1089 1265,1089 1310,1086 1355,1086 1400,1086 1444,1083 1489,1083 1534,1080 1579,1080 1624,1080 1668,1077 1713,1080 1758,1080 1803,1077 1848,1077 1892,1077 1937,1074 1982,1071 2027,1071 2071,1068 2116,1068 2161,1068 2206,1068 2251,1065 2295,1065 2340,1062"/>
                <TextEquiv>
                    <Unicode>freudigst begrüßt werden, nun selbst sich in diesem großen Nat. soz. Volkskulturwerk betätigen zu können, das an seinem</Unicode>
                </TextEquiv>
            </TextLine>
            <TextLine id="r_2_tl_19" custom="readingOrder {index:18;}">
                <Coords points="255,1150 2256,1132 2340,1121 2343,1077 255,1103"/>
                <Baseline points="271,1137 286,1137 331,1137 376,1137 420,1137 465,1137 510,1137 555,1137 600,1137 644,1137 689,1137 734,1137 779,1134 824,1137 868,1134 913,1137 958,1134 1003,1134 1047,1134 1092,1134 1137,1131 1182,1131 1227,1131 1271,1131 1316,1131 1361,1131 1406,1128 1450,1131 1495,1128 1540,1128 1585,1125 1630,1125 1674,1125 1719,1122 1764,1125 1809,1122 1854,1122 1898,1122 1943,1119 1988,1116 2033,1116 2077,1116 2122,1116 2167,1113 2212,1113 2257,1113 2301,1113 2346,1107"/>
                <TextEquiv>
                    <Unicode>Teil in der Lage und gewillt ist, unsere idealen Bestrebungen so zu fördern, wie das erforderlich ist. Dazu mitzu-</Unicode>
                </TextEquiv>
            </TextLine>
            <TextLine id="r_2_tl_20" custom="readingOrder {index:19;}">
                <Coords points="245,1195 2338,1164 2322,1119 245,1145"/>
                <Baseline points="259,1185 283,1185 328,1185 373,1182 417,1185 462,1182 507,1179 552,1182 597,1182 641,1179 686,1182 731,1179 776,1182 821,1182 865,1179 910,1182 955,1179 1000,1179 1044,1179 1089,1179 1134,1176 1179,1176 1224,1176 1268,1176 1313,1176 1358,1176 1403,1176 1447,1173 1492,1173 1537,1173 1582,1173 1627,1170 1671,1170 1716,1170 1761,1167 1806,1167 1851,1167 1895,1167 1940,1164 1985,1164 2030,1161 2074,1158 2119,1161 2164,1158 2209,1155 2254,1158 2298,1155 2343,1152"/>
                <TextEquiv>
                    <Unicode>helfen, haben wir die Sängerkreise aufgerufen und es muß erwartet werden, daß diese Maßnahme von allen Chören</Unicode>
                </TextEquiv>
            </TextLine>
            <TextLine id="r_2_tl_21" custom="readingOrder {index:20;}">
                <Coords points="250,1243 2338,1216 2309,1164 253,1198"/>
                <Baseline points="265,1230 283,1230 328,1230 373,1230 417,1230 462,1227 507,1227 552,1227 597,1227 641,1227 686,1227 731,1224 776,1224 821,1224 865,1227 910,1224 955,1227 1000,1227 1044,1224 1089,1224 1134,1221 1179,1224 1224,1224 1268,1221 1313,1221 1358,1218 1403,1221 1447,1218 1492,1218 1537,1215 1582,1215 1627,1212 1671,1215 1716,1212 1761,1212 1806,1212 1851,1212 1895,1212 1940,1209 1985,1209 2030,1206 2074,1206 2119,1203 2164,1203 2209,1203 2254,1203 2298,1203 2343,1200"/>
                <TextEquiv>
                    <Unicode>und mit allen Mitteln unterstützt und durchgeführt wird. Hier darf kein Sänger und keine Sängerin abseits stehen: die</Unicode>
                </TextEquiv>
            </TextLine>
            <TextLine id="r_2_tl_22" custom="readingOrder {index:21;}">
                <Coords points="247,1287 2330,1261 2330,1214 2280,1208 250,1243"/>
                <Baseline points="262,1274 277,1274 322,1274 367,1274 412,1271 456,1271 501,1271 546,1271 591,1271 635,1271 680,1271 725,1268 770,1268 815,1271 859,1271 904,1268 949,1271 994,1268 1038,1271 1083,1268 1128,1268 1173,1268 1218,1268 1262,1265 1307,1265 1352,1262 1397,1262 1442,1262 1486,1259 1531,1259 1576,1262 1621,1259 1665,1259 1710,1259 1755,1259 1800,1256 1845,1256 1889,1256 1934,1253 1979,1253 2024,1253 2068,1250 2113,1250 2158,1250 2203,1247 2248,1244 2292,1247 2337,1247"/>
                <TextEquiv>
                    <Unicode>Chorführer haben sich restlos dafür einzusetzen und dürfen nichts unversucht lassen, den Aufforderungen der NSDAP</Unicode>
                </TextEquiv>
            </TextLine>
            <TextLine id="r_2_tl_23" custom="readingOrder {index:22;}">
                <Coords points="250,1332 1314,1316 1395,1364 1701,1303 1901,1308 1969,1356 2035,1316 2117,1364 2185,1306 2343,1303 2301,1256 253,1285"/>
                <Baseline points="265,1316 289,1319 334,1319 379,1319 423,1316 468,1316 513,1316 558,1319 603,1319 647,1319 692,1316 737,1316 782,1316 826,1316 871,1316 916,1316 961,1316 1006,1316 1050,1313 1095,1313 1140,1313 1185,1313 1230,1310 1274,1310 1319,1310 1364,1310 1409,1310 1453,1307 1498,1307 1543,1307 1588,1307 1633,1307 1677,1304 1722,1304 1767,1304 1812,1301 1857,1301 1901,1301 1946,1301 1991,1298 2036,1298 2080,1298 2125,1298 2170,1295 2215,1292 2260,1295 2304,1295 2349,1292"/>
                <TextEquiv>
                    <Unicode>und ihrer Gliederungen in weitgehendstem Maße gerecht zu werden. Im übrigen wird auf Abschn. II Ziff. 1_5 des</Unicode>
                </TextEquiv>
            </TextLine>
            <TextLine id="r_2_tl_24" custom="readingOrder {index:23;} date {offset:17; length:13;when:03.10.1942;}">
                <Coords points="253,1382 948,1374 948,1329 927,1322 253,1332"/>
                <Baseline points="268,1364 283,1364 328,1367 373,1367 417,1367 462,1367 507,1364 552,1364 597,1364 641,1364 686,1361 731,1361 776,1358 821,1358 865,1361 910,1358 955,1358"/>
                <TextEquiv>
                    <Unicode>Rundschreibens v. 3. 10. 1942 verwiesen.</Unicode>
                </TextEquiv>
            </TextLine>
            <TextLine id="r_2_tl_25" custom="readingOrder {index:24;}">
                <Coords points="313,1422 2343,1406 2343,1356 2243,1340 2203,1372 1798,1343 1674,1385 1479,1353 1216,1385 1006,1345 924,1387 316,1395"/>
                <Baseline points="328,1415 334,1415 379,1418 423,1415 468,1415 513,1415 558,1412 603,1415 647,1415 692,1415 737,1409 782,1412 826,1412 871,1412 916,1412 961,1412 1006,1412 1050,1409 1095,1409 1140,1409 1185,1409 1230,1409 1274,1409 1319,1409 1364,1406 1409,1406 1453,1406 1498,1406 1543,1406 1588,1406 1633,1403 1677,1403 1722,1403 1767,1403 1812,1400 1857,1397 1901,1397 1946,1397 1991,1397 2036,1397 2080,1394 2125,1394 2170,1394 2215,1394 2260,1394 2304,1394 2349,1391"/>
                <TextEquiv>
                    <Unicode>e) Durch die feindl Terrorangriffe wurden viele unserer badischen Gauchöre in Mitleidenschaft gezogen</Unicode>
                </TextEquiv>
            </TextLine>
            <TextLine id="r_2_tl_26" custom="readingOrder {index:25;}">
                <Coords points="253,1477 2338,1448 2319,1403 255,1422"/>
                <Baseline points="268,1462 283,1462 328,1462 373,1462 417,1462 462,1462 507,1462 552,1459 597,1462 641,1459 686,1456 731,1456 776,1456 821,1456 865,1456 910,1456 955,1456 1000,1456 1044,1453 1089,1450 1134,1450 1179,1453 1224,1453 1268,1453 1313,1453 1358,1453 1403,1450 1447,1450 1492,1450 1537,1450 1582,1450 1627,1447 1671,1444 1716,1447 1761,1447 1806,1444 1851,1444 1895,1444 1940,1444 1985,1442 2030,1442 2074,1442 2119,1442 2164,1439 2209,1442 2254,1439 2298,1439 2343,1439"/>
                <TextEquiv>
                    <Unicode>(Z. B. Marnheim, Karlsruhe und Pforzheim). Hier erwächst die Pflicht, diesen in ihrem Bestand an Noten geschädigten</Unicode>
                </TextEquiv>
            </TextLine>
            <TextLine id="r_2_tl_27" custom="readingOrder {index:26;}">
                <Coords points="250,1511 2340,1495 2340,1448 250,1474"/>
                <Baseline points="265,1504 286,1507 331,1510 376,1507 420,1504 465,1504 510,1504 555,1504 600,1504 644,1504 689,1504 734,1501 779,1504 824,1501 868,1501 913,1501 958,1501 1003,1501 1047,1501 1092,1498 1137,1498 1182,1498 1227,1498 1271,1498 1316,1498 1361,1495 1406,1495 1450,1495 1495,1495 1540,1492 1585,1492 1630,1492 1674,1489 1719,1489 1764,1489 1809,1489 1854,1489 1898,1489 1943,1489 1988,1486 2033,1489 2077,1489 2122,1486 2167,1486 2212,1483 2257,1483 2301,1483 2346,1480"/>
                <TextEquiv>
                    <Unicode>Chören durch kostenlose Abgabe von brauchbarem Liedgut zu helfen. Unsere diesbezüglichen Aufrufe werden die</Unicode>
                </TextEquiv>
            </TextLine>
            <TextLine id="r_2_tl_28" custom="readingOrder {index:27;}">
                <Coords points="247,1561 2124,1556 2340,1537 2343,1493 247,1511"/>
                <Baseline points="262,1549 286,1555 331,1552 376,1552 420,1552 465,1552 510,1552 555,1549 600,1549 644,1549 689,1546 734,1549 779,1546 824,1546 868,1546 913,1546 958,1546 1003,1546 1047,1546 1092,1546 1137,1543 1182,1543 1227,1543 1271,1540 1316,1540 1361,1540 1406,1540 1450,1540 1495,1540 1540,1537 1585,1537 1630,1537 1674,1537 1719,1537 1764,1537 1809,1534 1854,1534 1898,1534 1943,1534 1988,1534 2033,1534 2077,1534 2122,1534 2167,1531 2212,1531 2257,1531 2301,1528 2346,1528"/>
                <TextEquiv>
                    <Unicode>Sängerkreise in ihren Bezirken durchgegeben haben und wir wiederholen unsere Aufforderung an alle Chöre, ungesäumt</Unicode>
                </TextEquiv>
            </TextLine>
            <TextLine id="r_2_tl_29" custom="readingOrder {index:28;}">
                <Coords points="247,1606 1658,1624 1824,1580 2122,1651 2338,1587 2338,1537 247,1574"/>
                <Baseline points="262,1597 283,1597 328,1597 373,1600 417,1597 462,1594 507,1594 552,1594 597,1594 641,1594 686,1594 731,1594 776,1594 821,1594 865,1591 910,1591 955,1591 1000,1591 1044,1591 1089,1588 1134,1588 1179,1588 1224,1588 1268,1588 1313,1588 1358,1588 1403,1588 1447,1585 1492,1585 1537,1585 1582,1585 1627,1585 1671,1585 1716,1582 1761,1582 1806,1582 1851,1582 1895,1579 1940,1579 1985,1579 2030,1579 2074,1579 2119,1579 2164,1579 2209,1579 2254,1576 2298,1576 2343,1573"/>
                <TextEquiv>
                    <Unicode>sich an dieser Hilfsaktion zu beteiligen. Die Durchführung geht zweckmäßig über den zuständigen Sängerkreis</Unicode>
                </TextEquiv>
            </TextLine>
            <TextLine id="r_2_tl_30" custom="readingOrder {index:29;}">
                <Coords points="250,1658 669,1651 732,1674 819,1651 856,1674 937,1648 1000,1685 1074,1643 1074,1598 253,1608"/>
                <Baseline points="268,1645 274,1645 319,1645 364,1645 409,1642 453,1642 498,1645 543,1642 588,1642 632,1642 677,1642 722,1639 767,1639 812,1639 856,1639 901,1639 946,1639 991,1639 1035,1636 1080,1636"/>
                <TextEquiv>
                    <Unicode>an die Kreisführungen der geschädigten Chöre.</Unicode>
                </TextEquiv>
            </TextLine>
            <TextLine id="r_2_tl_31" custom="readingOrder {index:30;}">
                <Coords points="1092,1824 1161,1811 1182,1835 1216,1835 1256,1809 1293,1824 1356,1811 1403,1837 1464,1806 1487,1811 1487,1753 1440,1761 1379,1745 1345,1764 1300,1764 1216,1730 1179,1727 1132,1748 1092,1727"/>
                <Baseline points="1107,1800 1137,1800 1182,1800 1227,1800 1271,1800 1316,1800 1361,1797 1406,1797 1450,1794 1495,1797"/>
                <TextEquiv>
                    <Unicode>II. Finanzielles</Unicode>
                </TextEquiv>
            </TextLine>
            <TextLine id="r_2_tl_32" custom="readingOrder {index:31;}">
                <Coords points="319,1909 2338,1885 2338,1845 2198,1811 2095,1856 1969,1814 1893,1851 1753,1814 1690,1853 1343,1814 1256,1853 684,1816 319,1843"/>
                <Baseline points="334,1898 373,1898 417,1898 462,1895 507,1895 552,1895 597,1892 641,1892 686,1892 731,1892 776,1892 821,1892 865,1889 910,1889 955,1886 1000,1886 1044,1886 1089,1883 1134,1883 1179,1883 1224,1883 1268,1883 1313,1880 1358,1880 1403,1880 1447,1880 1492,1880 1537,1880 1582,1880 1627,1880 1671,1880 1716,1877 1761,1877 1806,1877 1851,1880 1895,1880 1940,1877 1985,1880 2030,1877 2074,1880 2119,1877 2164,1877 2209,1877 2254,1877 2298,1877 2343,1874"/>
                <TextEquiv>
                    <Unicode>1. Es ist dringend notwendig, alle Chöre wiederholt auf die rechtzeitige Erfüllung ihrer Beitrags-</Unicode>
                </TextEquiv>
            </TextLine>
            <TextLine id="r_2_tl_33" custom="readingOrder {index:32;}">
                <Coords points="247,1959 2343,1932 2343,1882 247,1903"/>
                <Baseline points="262,1949 289,1946 334,1943 379,1943 423,1940 468,1940 513,1940 558,1937 603,1937 647,1937 692,1934 737,1937 782,1934 826,1934 871,1934 916,1934 961,1934 1006,1931 1050,1931 1095,1931 1140,1931 1185,1928 1230,1928 1274,1925 1319,1925 1364,1925 1409,1925 1453,1922 1498,1922 1543,1922 1588,1925 1633,1922 1677,1925 1722,1922 1767,1922 1812,1922 1857,1925 1901,1925 1946,1925 1991,1925 2036,1925 2080,1925 2125,1925 2170,1925 2215,1925 2260,1925 2304,1922 2349,1922"/>
                <TextEquiv>
                    <Unicode>pflicht hinzuweisen. Von der Möglichkeit, säumige Chöre dem DSB. zwecks Ausschluß namhaft zu machen, wird</Unicode>
                </TextEquiv>
            </TextLine>
            <TextLine id="r_2_tl_34" custom="readingOrder {index:33;}">
                <Coords points="247,1998 2346,1980 2346,1932 247,1959"/>
                <Baseline points="262,1988 292,1988 337,1988 382,1988 426,1988 471,1985 516,1988 561,1985 606,1982 650,1982 695,1982 740,1979 785,1979 829,1979 874,1979 919,1979 964,1979 1009,1979 1053,1979 1098,1976 1143,1976 1188,1973 1233,1973 1277,1973 1322,1970 1367,1973 1412,1973 1456,1970 1501,1970 1546,1970 1591,1970 1636,1970 1680,1970 1725,1970 1770,1970 1815,1970 1859,1967 1904,1970 1949,1970 1994,1970 2039,1973 2083,1970 2128,1970 2173,1970 2218,1970 2263,1970 2307,1967 2352,1970"/>
                <TextEquiv>
                    <Unicode>Gebrauch gemacht werden, wenn es nicht gelingt, diese künftig zur prompten Beitragszahlung zu bringen. Es kann nicht</Unicode>
                </TextEquiv>
            </TextLine>
            <TextLine id="r_2_tl_35" custom="readingOrder {index:34;}">
                <Coords points="247,2053 1482,2022 1537,2059 1598,2024 1687,2061 1977,2030 2056,2072 2106,2027 2340,2030 2340,1977 247,2001"/>
                <Baseline points="262,2036 286,2036 331,2036 376,2033 420,2033 465,2030 510,2033 555,2030 600,2030 644,2027 689,2027 734,2027 779,2024 824,2027 868,2024 913,2024 958,2024 1003,2024 1047,2021 1092,2021 1137,2021 1182,2018 1227,2018 1271,2018 1316,2015 1361,2018 1406,2018 1450,2018 1495,2015 1540,2015 1585,2015 1630,2015 1674,2015 1719,2018 1764,2015 1809,2015 1854,2015 1898,2018 1943,2018 1988,2018 2033,2018 2077,2018 2122,2018 2167,2018 2212,2015 2257,2018 2301,2015 2346,2015"/>
                <TextEquiv>
                    <Unicode>verlangt werden, daß solche Chöre durch die Sängerkreise, oder gar durch den Sängergau mehrmals gemahnt werden</Unicode>
                </TextEquiv>
            </TextLine>
            <TextLine id="r_2_tl_36" custom="readingOrder {index:35;}">
                <Coords points="250,2095 1364,2088 1503,2077 1506,2027 250,2051"/>
                <Baseline points="265,2083 301,2083 346,2080 391,2077 435,2077 480,2074 525,2077 570,2074 615,2074 659,2074 704,2074 749,2071 794,2071 838,2071 883,2071 928,2068 973,2068 1018,2065 1062,2065 1107,2065 1152,2065 1197,2063 1241,2063 1286,2065 1331,2060 1376,2060 1421,2060 1465,2063 1510,2060"/>
                <TextEquiv>
                    <Unicode>müssen und diese Mahnungen dann vielleicht noch erfolgles bleiben.</Unicode>
                </TextEquiv>
            </TextLine>
            <TextLine id="r_2_tl_37" custom="readingOrder {index:36;}">
                <Coords points="319,2156 2351,2124 2306,2064 319,2090"/>
                <Baseline points="334,2131 343,2128 388,2128 432,2131 477,2131 522,2125 567,2128 612,2125 656,2125 701,2125 746,2125 791,2125 835,2125 880,2122 925,2122 970,2122 1015,2119 1059,2116 1104,2119 1149,2116 1194,2116 1238,2113 1283,2113 1328,2116 1373,2113 1418,2113 1462,2113 1507,2113 1552,2113 1597,2113 1642,2113 1686,2113 1731,2113 1776,2113 1821,2116 1865,2116 1910,2116 1955,2116 2000,2116 2045,2116 2089,2116 2134,2116 2179,2116 2224,2116 2269,2116 2313,2116 2358,2113"/>
                <TextEquiv>
                    <Unicode>wenn die Chöre durch ihre Sängerkreise mit dem Beitragssoll belastet sind, ist es ihre Pflicht, die Beiträge</Unicode>
                </TextEquiv>
            </TextLine>
            <TextLine id="r_2_tl_38" custom="readingOrder {index:37;}">
                <Coords points="247,2193 1200,2169 1311,2201 1385,2164 1766,2214 1819,2174 1943,2211 1993,2169 2061,2219 2151,2167 2338,2172 2303,2127 1766,2117 247,2153"/>
                <Baseline points="262,2176 283,2179 328,2179 373,2179 417,2179 462,2176 507,2176 552,2176 597,2173 641,2170 686,2173 731,2173 776,2170 821,2170 865,2170 910,2167 955,2167 1000,2167 1044,2164 1089,2164 1134,2161 1179,2161 1224,2161 1268,2161 1313,2161 1358,2161 1403,2161 1447,2158 1492,2161 1537,2161 1582,2158 1627,2161 1671,2161 1716,2161 1761,2161 1806,2158 1851,2161 1895,2164 1940,2164 1985,2164 2030,2164 2074,2164 2119,2164 2164,2164 2209,2164 2254,2164 2298,2164 2343,2161"/>
                <TextEquiv>
                    <Unicode>ungesäumt zu zahlen und damit den übergeordneten Stellen die Möglichkeit zu geben, für eine geordnete Finanz</Unicode>
                </TextEquiv>
            </TextLine>
            <TextLine id="r_2_tl_39" custom="readingOrder {index:38;}">
                <Coords points="247,2243 297,2253 326,2232 355,2246 392,2227 558,2243 740,2230 740,2196 642,2180 619,2196 553,2185 526,2203 498,2185 247,2198"/>
                <Baseline points="262,2221 298,2224 343,2224 388,2224 432,2224 477,2221 522,2221 567,2221 612,2218 656,2218 701,2218 746,2218"/>
                <TextEquiv>
                    <Unicode>wirtschaft einzustehen.</Unicode>
                </TextEquiv>
            </TextLine>
            <TextLine id="r_2_tl_40" custom="readingOrder {index:39;}">
                <Coords points="319,2290 2351,2272 2351,2230 2251,2188 2022,2227 1874,2188 1730,2232 1651,2182 1456,2227 1250,2182 1169,2230 782,2203 319,2251"/>
                <Baseline points="334,2274 343,2277 388,2277 432,2274 477,2274 522,2274 567,2271 612,2271 656,2271 701,2271 746,2269 791,2269 835,2269 880,2269 925,2266 970,2266 1015,2266 1059,2263 1104,2263 1149,2260 1194,2260 1238,2257 1283,2260 1328,2260 1373,2260 1418,2257 1462,2260 1507,2260 1552,2260 1597,2260 1642,2263 1686,2263 1731,2260 1776,2263 1821,2263 1865,2260 1910,2263 1955,2263 2000,2266 2045,2263 2089,2266 2134,2266 2179,2266 2224,2266 2269,2266 2313,2263 2358,2257"/>
                <TextEquiv>
                    <Unicode>Einem ausgeschlossenen Chor ist es bei Strafe. verboten, sich gesänglich in der Oeffentlichkeit zu</Unicode>
                </TextEquiv>
            </TextLine>
            <TextLine id="r_2_tl_41" custom="readingOrder {index:40;}">
                <Coords points="247,2335 2346,2317 2346,2274 2030,2264 247,2280"/>
                <Baseline points="262,2322 292,2322 337,2325 382,2322 426,2322 471,2319 516,2319 561,2316 606,2316 650,2316 695,2316 740,2313 785,2313 829,2313 874,2313 919,2310 964,2310 1009,2307 1053,2307 1098,2307 1143,2307 1188,2304 1233,2304 1277,2304 1322,2304 1367,2304 1412,2304 1456,2304 1501,2304 1546,2304 1591,2304 1636,2304 1680,2304 1725,2304 1770,2307 1815,2307 1859,2307 1904,2307 1949,2307 1994,2310 2039,2310 2083,2310 2128,2310 2173,2310 2218,2310 2263,2310 2307,2307 2352,2304"/>
                <TextEquiv>
                    <Unicode>betätigen. Darunter rechnet z.B. auch das chormäßige Singen in Wirtslokalen und auch die Abhaltung von Chor-</Unicode>
                </TextEquiv>
            </TextLine>
            <TextLine id="r_2_tl_42" custom="readingOrder {index:41;}">
                <Coords points="250,2385 2346,2375 2346,2317 2164,2311 250,2338"/>
                <Baseline points="265,2373 292,2370 337,2370 382,2367 426,2364 471,2364 516,2361 561,2361 606,2361 650,2361 695,2361 740,2358 785,2358 829,2358 874,2358 919,2355 964,2355 1009,2352 1053,2355 1098,2352 1143,2349 1188,2349 1233,2349 1277,2349 1322,2349 1367,2349 1412,2349 1456,2349 1501,2349 1546,2349 1591,2349 1636,2352 1680,2352 1725,2352 1770,2352 1815,2352 1859,2352 1904,2355 1949,2355 1994,2355 2039,2358 2083,2358 2128,2358 2173,2358 2218,2355 2263,2355 2307,2352 2352,2352"/>
                <TextEquiv>
                    <Unicode>proben Eine Wiederaufnahme in den DSB. ist nur möglich, wenn die rückständigen Beiträge vorher restlos</Unicode>
                </TextEquiv>
            </TextLine>
            <TextLine id="r_2_tl_43" custom="readingOrder {index:42;}">
                <Coords points="245,2425 2351,2414 2351,2372 2106,2356 245,2388"/>
                <Baseline points="259,2412 298,2415 343,2415 388,2409 432,2412 477,2412 522,2412 567,2409 612,2406 656,2406 701,2406 746,2403 791,2406 835,2403 880,2403 925,2403 970,2403 1015,2400 1059,2400 1104,2400 1149,2394 1194,2394 1238,2394 1283,2394 1328,2394 1373,2397 1418,2397 1462,2397 1507,2397 1552,2397 1597,2397 1642,2397 1686,2397 1731,2400 1776,2400 1821,2400 1865,2403 1910,2400 1955,2403 2000,2403 2045,2403 2089,2403 2134,2403 2179,2403 2224,2403 2269,2403 2313,2400 2358,2400"/>
                <TextEquiv>
                    <Unicode>bezahlt sind. Damit ist die Drückebergerei in der Beitragszahlung gegenüber anderen Chören, die ihre Pflicht erfüllen,</Unicode>
                </TextEquiv>
            </TextLine>
            <TextLine id="r_2_tl_44" custom="readingOrder {index:43;}">
                <Coords points="250,2475 1211,2440 1637,2456 1680,2498 1851,2453 1932,2488 1993,2448 2348,2467 2348,2414 2077,2406 250,2427"/>
                <Baseline points="265,2463 295,2460 340,2460 385,2460 429,2457 474,2457 519,2457 564,2454 609,2454 653,2454 698,2454 743,2454 788,2451 832,2451 877,2451 922,2448 967,2448 1012,2448 1056,2445 1101,2445 1146,2442 1191,2439 1236,2439 1280,2439 1325,2442 1370,2442 1415,2442 1459,2442 1504,2442 1549,2442 1594,2442 1639,2445 1683,2445 1728,2445 1773,2445 1818,2448 1862,2448 1907,2451 1952,2451 1997,2448 2042,2451 2086,2451 2131,2451 2176,2451 2221,2451 2266,2451 2310,2448 2355,2442"/>
                <TextEquiv>
                    <Unicode>unterbunden. Sogenannte „ruhende Chöre“ gibt es hinsichtlich der Beitragszahlung nicht. Der Beitrag ist so</Unicode>
                </TextEquiv>
            </TextLine>
            <TextLine id="r_2_tl_45" custom="readingOrder {index:44;}">
                <Coords points="247,2525 1537,2504 1537,2456 1477,2446 250,2475"/>
                <Baseline points="262,2510 289,2510 334,2507 379,2507 423,2507 468,2504 513,2501 558,2501 603,2501 647,2498 692,2498 737,2498 782,2495 826,2495 871,2495 916,2495 961,2495 1006,2495 1050,2492 1095,2489 1140,2489 1185,2489 1230,2486 1274,2486 1319,2486 1364,2486 1409,2486 1453,2486 1498,2486 1543,2489"/>
                <TextEquiv>
                    <Unicode>gering bemessen, daß es jedem Chor möglich sein muß, ihn aufzubringen.</Unicode>
                </TextEquiv>
            </TextLine>
            <TextLine id="r_2_tl_46" custom="readingOrder {index:45;}">
                <Coords points="313,2577 2351,2561 2351,2504 2088,2522 1969,2480 1848,2517 313,2525"/>
                <Baseline points="328,2561 343,2561 388,2558 432,2558 477,2558 522,2555 567,2552 612,2555 656,2555 701,2552 746,2552 791,2549 835,2549 880,2549 925,2549 970,2546 1015,2546 1059,2546 1104,2543 1149,2543 1194,2543 1238,2543 1283,2540 1328,2543 1373,2543 1418,2543 1462,2543 1507,2543 1552,2543 1597,2543 1642,2543 1686,2543 1731,2546 1776,2546 1821,2546 1865,2549 1910,2549 1955,2549 2000,2549 2045,2552 2089,2552 2134,2552 2179,2552 2224,2552 2269,2549 2313,2549 2358,2549"/>
                <TextEquiv>
                    <Unicode>Die zum Heeresdienst einberufenen Sänger sind, wie bekannt, von der Beitragszahlung während dieser Zeit befreit.</Unicode>
                </TextEquiv>
            </TextLine>
            <TextLine id="r_2_tl_47" custom="readingOrder {index:46;}">
                <Coords points="245,2614 2348,2609 2317,2559 245,2569"/>
                <Baseline points="259,2609 295,2609 340,2606 385,2603 429,2603 474,2603 519,2603 564,2603 609,2600 653,2600 698,2600 743,2597 788,2597 832,2597 877,2594 922,2594 967,2594 1012,2594 1056,2591 1101,2588 1146,2591 1191,2588 1236,2588 1280,2585 1325,2588 1370,2588 1415,2588 1459,2588 1504,2588 1549,2588 1594,2591 1639,2591 1683,2591 1728,2591 1773,2594 1818,2591 1862,2594 1907,2597 1952,2597 1997,2597 2042,2600 2086,2600 2131,2600 2176,2600 2221,2600 2266,2597 2310,2597 2355,2594"/>
                <TextEquiv>
                    <Unicode>Sie sind von den Chören namentlich an die Sängerkreise zu melden. Für die wahrheitsgetreuen Angaben haftet der</Unicode>
                </TextEquiv>
            </TextLine>
            <TextLine id="r_2_tl_48" custom="readingOrder {index:47;}">
                <Coords points="245,2661 1290,2643 1393,2688 1448,2638 1693,2683 1848,2643 1940,2683 2361,2651 2330,2604 245,2617"/>
                <Baseline points="259,2654 304,2654 349,2651 394,2651 438,2648 483,2648 528,2648 573,2645 618,2645 662,2645 707,2642 752,2642 797,2642 841,2642 886,2639 931,2639 976,2636 1021,2636 1065,2639 1110,2636 1155,2636 1200,2636 1244,2633 1289,2633 1334,2636 1379,2636 1424,2636 1468,2636 1513,2636 1558,2636 1603,2639 1648,2639 1692,2642 1737,2639 1782,2642 1827,2642 1871,2642 1916,2642 1961,2645 2006,2645 2051,2645 2095,2648 2140,2648 2185,2648 2230,2645 2274,2645 2319,2642 2364,2639"/>
                <TextEquiv>
                    <Unicode>Chorführer und er trägt auch die volle Verantwortung dafür, daß nur Sänger, nicht auch passive Mitglieder, als</Unicode>
                </TextEquiv>
            </TextLine>
            <TextLine id="r_2_tl_49" custom="readingOrder {index:48;}">
                <Coords points="242,2706 542,2725 569,2701 1114,2698 1114,2651 1066,2646 242,2661"/>
                <Baseline points="256,2701 268,2698 313,2698 358,2698 403,2698 447,2695 492,2695 537,2692 582,2692 626,2689 671,2689 716,2689 761,2689 806,2689 850,2686 895,2686 940,2683 985,2683 1030,2683 1074,2683 1119,2681"/>
                <TextEquiv>
                    <Unicode>beitragsfrei im Heeresdienst angegeben werden.</Unicode>
                </TextEquiv>
            </TextLine>
            <TextLine id="r_2_tl_50" custom="readingOrder {index:49;}">
                <Coords points="313,2761 2248,2761 2222,2704 1798,2714 1674,2669 313,2714"/>
                <Baseline points="328,2752 373,2752 417,2752 462,2749 507,2749 552,2749 597,2746 641,2746 686,2746 731,2743 776,2740 821,2740 865,2740 910,2740 955,2740 1000,2737 1044,2737 1089,2737 1134,2737 1179,2737 1224,2734 1268,2734 1313,2734 1358,2734 1403,2734 1447,2734 1492,2734 1537,2734 1582,2734 1627,2737 1671,2737 1716,2740 1761,2740 1806,2740 1851,2740 1895,2743 1940,2743 1985,2746 2030,2746 2074,2749 2119,2746 2164,2749 2209,2749 2254,2749"/>
                <TextEquiv>
                    <Unicode>Die Zahlung der Beiträge geht nur über den zuständigen Haupt-Sängerkreis bzw. über die Sängerkreis-Gruppe.</Unicode>
                </TextEquiv>
            </TextLine>
            <TextLine id="r_2_tl_51" custom="readingOrder {index:50;}">
                <Coords points="303,2835 945,2848 1037,2835 1040,2772 645,2798 558,2767 479,2804 371,2769 303,2806"/>
                <Baseline points="316,2830 328,2830 373,2833 417,2830 462,2830 507,2830 552,2827 597,2827 641,2824 686,2824 731,2824 776,2821 821,2821 865,2821 910,2818 955,2818 1000,2818 1044,2818"/>
                <TextEquiv>
                    <Unicode>2. Jahres-Abschlüsse für 1942 und 1943.</Unicode>
                </TextEquiv>
            </TextLine>
            <TextLine id="r_2_tl_52" custom="readingOrder {index:51;}">
                <Coords points="311,2898 2353,2893 2353,2833 2085,2856 2016,2814 1574,2801 1382,2843 311,2843"/>
                <Baseline points="325,2887 346,2884 391,2884 435,2881 480,2881 525,2881 570,2881 615,2878 659,2875 704,2872 749,2875 794,2875 838,2875 883,2872 928,2872 973,2872 1018,2872 1062,2869 1107,2869 1152,2872 1197,2869 1241,2869 1286,2869 1331,2866 1376,2866 1421,2866 1465,2866 1510,2869 1555,2869 1600,2872 1645,2872 1689,2872 1734,2872 1779,2875 1824,2875 1868,2878 1913,2878 1958,2881 2003,2881 2048,2881 2092,2884 2137,2884 2182,2884 2227,2884 2271,2881 2316,2881 2361,2875"/>
                <TextEquiv>
                    <Unicode>Durch kriegsbedingte Verhältnisse (Reise-Einschränkungen) ist die Abhaltung der Jahreshauptversammlung nicht</Unicode>
                </TextEquiv>
            </TextLine>
            <TextLine id="r_2_tl_53" custom="readingOrder {index:52;}">
                <Coords points="242,2948 2348,2935 2332,2885 1724,2872 242,2898"/>
                <Baseline points="256,2931 295,2934 340,2931 385,2928 429,2928 474,2925 519,2925 564,2925 609,2925 653,2925 698,2922 743,2919 788,2919 832,2919 877,2919 922,2916 967,2919 1012,2916 1056,2916 1101,2916 1146,2916 1191,2916 1236,2913 1280,2913 1325,2916 1370,2913 1415,2913 1459,2913 1504,2913 1549,2916 1594,2916 1639,2916 1683,2919 1728,2919 1773,2919 1818,2919 1862,2919 1907,2919 1952,2925 1997,2925 2042,2928 2086,2928 2131,2931 2176,2931 2221,2928 2266,2928 2310,2925 2355,2919"/>
                <TextEquiv>
                    <Unicode>möglich und aus diesem Gründe auch nicht die übliche Vorlage des Rechnungsabschlusses. Wir geben daher die Rech-</Unicode>
                </TextEquiv>
            </TextLine>
            <TextLine id="r_2_tl_54" custom="readingOrder {index:53;}">
                <Coords points="242,2985 2353,2985 2353,2933 1382,2917 242,2954"/>
                <Baseline points="256,2976 301,2979 346,2979 391,2976 435,2973 480,2970 525,2970 570,2970 615,2967 659,2967 704,2967 749,2967 794,2964 838,2964 883,2964 928,2964 973,2961 1018,2964 1062,2961 1107,2961 1152,2961 1197,2961 1241,2961 1286,2961 1331,2961 1376,2961 1421,2961 1465,2961 1510,2961 1555,2961 1600,2961 1645,2961 1689,2961 1734,2961 1779,2964 1824,2961 1868,2964 1913,2967 1958,2970 2003,2973 2048,2973 2092,2973 2137,2976 2182,2976 2227,2976 2271,2976 2316,2973 2361,2970"/>
                <TextEquiv>
                    <Unicode>nungsabschschlüsse für 1942 und 1943 auf diesem Wege bekannt. Dem ersten wieder stattfindenden Gausängertag</Unicode>
                </TextEquiv>
            </TextLine>
            <TextLine id="r_2_tl_55" custom="readingOrder {index:54;}">
                <Coords points="242,3030 2353,3030 2353,2983 1830,2962 242,2988"/>
                <Baseline points="256,3021 301,3024 346,3024 391,3021 435,3021 480,3018 525,3015 570,3015 615,3012 659,3012 704,3012 749,3012 794,3012 838,3009 883,3012 928,3012 973,3012 1018,3012 1062,3009 1107,3006 1152,3009 1197,3009 1241,3006 1286,3006 1331,3006 1376,3009 1421,3006 1465,3006 1510,3006 1555,3006 1600,3009 1645,3009 1689,3009 1734,3012 1779,3012 1824,3012 1868,3012 1913,3012 1958,3018 2003,3021 2048,3021 2092,3021 2137,3024 2182,3024 2227,3024 2271,3021 2316,3018 2361,3015"/>
                <TextEquiv>
                    <Unicode>werden diese Abschlüsse zur satzungsmäßigen Behandlung vorgelegt. Die Prüfung des 1942er Abschlusses ist durch den</Unicode>
                </TextEquiv>
            </TextLine>
            <TextLine id="r_2_tl_56" custom="readingOrder {index:55;}">
                <Coords points="245,3083 2361,3083 2361,3030 2296,3027 245,3033"/>
                <Baseline points="259,3069 304,3072 349,3069 394,3066 438,3066 483,3063 528,3063 573,3060 618,3060 662,3060 707,3060 752,3060 797,3060 841,3060 886,3060 931,3057 976,3057 1021,3057 1065,3057 1110,3054 1155,3054 1200,3054 1244,3054 1289,3054 1334,3054 1379,3054 1424,3054 1468,3054 1513,3054 1558,3057 1603,3054 1648,3057 1692,3060 1737,3057 1782,3060 1827,3060 1871,3063 1916,3063 1961,3066 2006,3066 2051,3069 2095,3069 2140,3072 2185,3072 2230,3072 2274,3069 2319,3066 2364,3063"/>
                <TextEquiv>
                    <Unicode>Prüfungsausschuß ohne Beanstandung erfolgt, während die Prüfung des fertig vorliegenden Abschlusses</Unicode>
                </TextEquiv>
            </TextLine>
            <TextLine id="r_2_tl_57" custom="readingOrder {index:56;}">
                <Coords points="234,3122 2219,3135 2219,3088 2143,3072 234,3096"/>
                <Baseline points="250,3116 295,3116 340,3116 385,3116 429,3113 474,3113 519,3110 564,3110 609,3110 653,3107 698,3107 743,3107 788,3107 832,3107 877,3107 922,3101 967,3104 1012,3101 1056,3101 1101,3101 1146,3098 1191,3098 1236,3101 1280,3098 1325,3098 1370,3101 1415,3101 1459,3101 1504,3101 1549,3101 1594,3104 1639,3104 1683,3107 1728,3107 1773,3107 1818,3107 1862,3110 1907,3110 1952,3113 1997,3113 2042,3113 2086,3116 2131,3116 2176,3116 2221,3116 2224,3116"/>
                <TextEquiv>
                    <Unicode>in Kürze vorgenommen werden soll. Seine Vorausveröffentlichung soll zweckmäßig hier ebenfalls mit erfolgen.</Unicode>
                </TextEquiv>
            </TextLine>
            <TextEquiv>
                <Unicode></Unicode>
            </TextEquiv>
        </TextRegion>
    </Page>
</PcGts>
