2479 3508
995 341 1434 444 III. Allgemeines
227 398 444 468 Ehrungen.
310 434 2188 534 Die Beschaffung von goldenen und silbernen Ehrennadeln, stößt auf immer grober werdende
239 532 2190 597 Schwierigkeiten, sodaß wir kürzlich nur einen kleinen Teil der bestellten Nadeln bekamen. Es ergeht
239 583 2200 651 deshalb an alle Chöre die Mitteilung, daß nach Aufbrauch unseres Vorrates silberne und goldene
237 641 2188 737 Ehrennadeln zunächst nicht mehr verliehen werden können. Die Verleihungen müssen dann bis nach
246 705 2195 768 dem Kriege und bis zum Wiedereintritt der Beschaffungsmöglichkeit aufgeschoben werden. Die zur
251 766 2058 861 Ehrung heranstehenden Sänger werden für diese kriegsbedingte Maßnahme Verständnis haben.
327 824 2185 936 Und nun gehen wir, liebe Sangeskameraden, mit neuem Eifer an unsere alte Aufgabe der Chor-
241 900 2195 973 gesangspflege. In schwerer, schicksalerfüllter Zeit wollen wir mit unsern Liedern die Herzen stärken
246 963 2190 1032 und den Willen stählen zum entscheidenden Kampf um das Leben unseres Volkes und die
241 1027 2190 1090 unserer Kultur. Mann für Mann wollen wir mithelfen, daß die Front der Seelen in der Heimat nie
241 1080 1973 1173 zerreißt und daß wir würdig werden unserer Väter, Söhne und Brüder vor dem Feind
402 1144 1383 1222 Singend wollen wir marschieren in die neue Zeit,
415 1214 1412 1290 Adolf Hitler soll uns führen und wir sind bereit!
954 1339 1500 1441 Mit deutschem Sangesgruß!
1054 1436 1383 1549 Heil Hitler!
605 1500 890 1588 Dr. Münch.
505 1558 985 1668 stellv. Sängergauführer.
1614 1490 1775 1578 Horn,
1297 1551 2112 1661 Sängergaukämmerer und Geschäftsführer.
1102 1651 1332 1741 Rahner,
995 1717 1444 1810 Sängergauchormeister.
