2479 3508
59 238 2397 305 seine traurigen Spuren. Erst in dieser Zeit
59 402 2445 454 lernt man sein armseliges Leben schätzen,
78 539 2445 592 welches im Frieden so viel des Schönen bietet.
82 703 1519 744 Hoffen wir alle das Beste.
298 841 2356 882 Ein erfreuliches Zeichen ist es, dass der
96 986 2412 1042 Männerchor trotz der Schwere der Zeit sein
104 1142 2449 1187 aktives Singen wieder aufgenommen hat. Offen-
63 1299 2457 1344 bar sagten sich die Vereinsmitglieder, dass Jas-
67 1437 2423 1481 sen und Zegespielen dem „Deutschen Liede“ nicht
41 1593 2431 1634 sehr förderlich wäre. Eine durchaus vernünftige
86 1738 2397 1775 Ansicht. Ich selber würde auch viel lieber in
59 1887 2457 1924 Murg ersten Bass singen, als hier in Rus-
52 2036 2460 2070 land die Läuse und Iwans abschrecken.
52 2181 2427 2215 Aber – darüber zu bestimmen liegt leider
89 2334 2408 2364 nicht bei mir. Na, einmal hört auch
56 2482 945 2520 der Krieg auf.
268 2624 2285 2658 So nun denke ich aufhören zu
86 2788 2382 2821 müssen, denn meine Weisheit ist
82 2933 1522 2978 ziemlich eng begrenzt.
160 3097 2460 3127 Euch allen alles gute wünschend grüsst
171 3234 2464 3272 alle herzlich euer Sangesbruder Durst
1570 3286 1794 3320 Ugfr.
2017 3301 2361 3350 15605
