2479 3508
82 120 697 320 Männerchor Murg
82 273 719 401 Alter Schweizer Männerchor
1155 231 2213 323 Murg/Baden, den 29.November 1942.
452 502 1025 594 Liebe Kameraden !
457 596 2333 709 schon zum viertenmal in diesem Kriege steht Weihnachten vor
469 646 2361 770 der Türe. Fern von Euren Lieben müsst Ihr auch jetzt wieder
474 716 2182 820 –– vieleicht irgendwo auf einsamem Posten –– das Fest
476 759 2302 867 begehen. Besonders stark wird sich die Sehnsucht nach der
476 820 2352 931 Heimat in diesen Stunden auch in Euch regen. Ihr werdet zu-
476 877 2366 971 rückdenken an jene Weihnachtsfreuden, die Ihr im Kreise von
485 926 2246 1030 Frau und Kindern oder der Eltern früher mitgemacht habt
485 973 2172 1079 und so hoffen wir, recht bald wieder mitmachen dürft.
488 1046 2356 1157 Aber auch umgekehrt werden in diesen Tagen von zu Hause die
497 1105 2314 1213 Gedanken der Verbundenheit zur Front in all den Tausenden
495 1157 2304 1261 und Abertausenden von Liebespaketen sowie den ungezählten
497 1211 2269 1308 Briefen und Wünschen in vermehrtem Maße hinauswandern zu
495 1305 672 1369 Euch.
500 1331 2271 1433 Auch wir vom Männerchor möchten nicht zurückstehen. Wenn
509 1388 2257 1482 Ihr daher das heute separat an jeden Sängerkameraden ab-
509 1440 2295 1541 gehende, bescheidene Päckchen erhaltet, denn nehmt es hin
509 1484 2316 1576 als Weihnachtsgruss von Euren Kameraden in der Heimat, die
509 1543 2262 1626 so wie Ihr den Tag ersehnen, wo wir wieder gemeinsam dem
516 1621 1447 1678 deutschen Liede dienen dürfen.
523 1647 2314 1748 Vorläufig ist uns dies leider nicht mehr möglich, weil wir
521 1708 2304 1795 inzwischen –– vorallem der erste Tenor –– so schwach ge-
521 1758 2311 1838 worden sind, dass wir nicht mehr öffentlich singen können.
523 1812 2335 1890 Trotzdem treffen wir uns jedoch nach wie vor jeden Donners-
521 1859 2316 1937 tag. Die Gelegenheit soll nicht versäumt werden, ohne auch
516 1904 2394 1993 Euch zu bitten, zu uns zu kommen, wenn Ihr je in Urlaub seid.
516 1967 2220 2043 Jeden Donnerstag Abend steht auf der schwarzen Tafel im
516 2019 2373 2088 Schulhaus, rechts wenn man hereinkommt, mit Kreide geschrie-
518 2071 2286 2135 ben, in welchem Lokal wir tagen. Also Freunde tut uns den
521 2106 2370 2194 Gefallen und kommt jeweils. Wir freuen uns stets, Euch unter
516 2161 2363 2241 uns zu wissen. Genau so wie wir uns freuen und dankbar sind,
518 2210 2392 2286 wenn wir recht oft Lebenszeichen, sei es in Form von Briefen,
507 2262 1906 2359 Karten oder im Heimatbrief von Euch erhalten.
511 2326 2220 2420 Und nun frohe Weihnachten, gleichzeitig auch recht viel-
516 2375 2342 2462 Glück zum neuen Jahr. Mit den letzten 6 Worten soll all das
511 2441 2304 2514 zum Ausdruck gebracht sein, was man einem lieben Menschen,
516 2488 2260 2571 ganz besonders einem Soldaten zum Jahreswechsel an Gutem
509 2559 954 2637 wünschen kann.
1388 2623 2163 2703 mit lieben Sängergrüssen
1513 2696 2024 2771 und Heil Hitler!
1296 2802 1970 2882 Männerchor Murg/Baden
1355 2877 1932 2952 Der Vereinsführer.
