2479 3508
1168 288 1276 387 -3-
385 378 2049 500 Schon wieder hat der unerbittliche Tod mit rauher Hand
387 475 2080 561 das Glück einer Familie zertrümmert. Am 18.3. verschied
385 522 2042 610 im 51. Lebensjahre nach einem sehr schweren Leiden der
394 572 2105 646 Führer der Kinderreichen, Pg. Josef Lauber, Eisenbahnse-
380 619 2103 714 kretär. Mit ihm ist ein freundlicher, jederzeit hilfsbe-
387 680 2069 772 reiter Mann von uns geschieden. Das große Trauergefolge
385 734 2022 813 zeugte für die Beliebtheit dieses Mannes. Ehre seinem
383 777 671 862 Andenken.
376 873 2107 973 Am Ostersonntag waren es 50 Jahre her, daß unser Geleit-
385 961 2163 1051 wortschreiber, Herr August Tröndle, als junger Bahnbeamter
380 1015 1666 1112 nach Murg versetzt wurde, O selige Zeiten!
392 1137 2125 1245 In der Turnhalle des Schulhauses fand eine vom Kleintier-
392 1234 2096 1294 zuchtverein veranstaltete Werbeschau mit Lichtbildervor-
394 1281 2037 1376 trag statt. Gleichzeitig wurde das Scheren der Angora-
380 1326 1880 1412 Kaninchen mit der elektrischen Schore vorgeführt.
383 1378 2118 1472 Der Kleintierzucht muß namentlich zu Kriegszeiten erhöhte
385 1423 1128 1526 Pflege geschenkt werden.
383 1567 2098 1673 Die Schweizer haben mit dem Bau ihrer Bunker entschieden
392 1652 2125 1729 Pech. Der jetzte Sturm legte einige Bretterwände, die die
396 1697 2152 1760 Baustelle vorbergen sollten, nieder. Die uns gegenüberlie-
394 1758 2150 1842 genden stehen im Wasser, sodaß Pumpen Tag und Nacht arbei-
394 1801 516 1878 ten.
385 1900 2172 2019 Am Ostersonntag fand nun das Konzert "Soldatenhilfe“ statt,
394 1992 2049 2076 Es war ein voller Erfolg nach jeder Richtung. Schon im
394 2044 2132 2121 Vorverkauf wurden 284 Eintrittskarten abgesetzt. Für Murg
396 2100 2154 2175 eine ganz respegktable Leistung. Eine froh gestimmt
396 2145 2055 2220 erwartste mit Spannung den Beginn des Konzertes. In 2 3/4
392 2193 2197 2269 Stunden wickelte sich eine Zeihe von Perlen deutscher Musik
394 2244 2184 2321 ab. Es wurden geboten: Männerchöre, Duette, Sologesänge für
389 2283 2116 2380 Sopran, Alt, Bariton, Baß. Quartette für gemischten Chor,
383 2344 2071 2416 Lieder eines dreistimmigen Frauenchores und Musikstück
394 2400 2091 2461 für 2 Violinen und Klavier. Dazwischen heitere Vorträge.
396 2447 2163 2535 Vielleicht ist es für Euch interessant, die Namen derjeni-
392 2515 2100 2584 gen zu hören, die sich in uneigennütziger Weise zur Ver-
385 2564 2134 2643 fügung stellten und in wochchlanger Arbeit Hervorragends
392 2616 2015 2677 Leisteten. Es sind dies: Frau Gertrud Laule, Fräulein
389 2663 2134 2744 Veronika Enderle, Frau Porzelt, Frau Völkle, Frau Hausin,
401 2713 2046 2780 Fräulin Kaiser, Fräulein Probst, Frau Holzapfel, Frau
394 2771 2154 2846 Strittmatter und 6 BdM-Mädel, sowie die Herren Otto Lüthy,
387 2821 2080 2902 Josef Waßmer und Reinhard Waßmer. Die Gesamtleitung lag
394 2866 1513 2942 in den Händen von Hauptlehrer Wasmer,
1511 2915 1884 3014 Heil Hitler!
317 2945 1636 3073 Wo steht der Männerchor?
1364 2985 1862 3095 Karl Masmer
