<?xml version="1.0" encoding="UTF-8" standalone="yes"?>
<PcGts xmlns="http://schema.primaresearch.org/PAGE/gts/pagecontent/2013-07-15" xmlns:xsi="http://www.w3.org/2001/XMLSchema-instance" xsi:schemaLocation="http://schema.primaresearch.org/PAGE/gts/pagecontent/2013-07-15 http://schema.primaresearch.org/PAGE/gts/pagecontent/2013-07-15/pagecontent.xsd">
    <Metadata>
        <Creator>prov=READ-COOP:name=PyLaia@TranskribusPlatform:version=2.23.0:model_id=287793:lm=none:date=20_02_2025_17:40</Creator>
        <Created>2025-01-23T13:08:05.386+01:00</Created>
        <LastChange>2025-03-13T16:39:26.654+01:00</LastChange>
    </Metadata>
    <Page imageFilename="0001_p001.jpg" imageWidth="2479" imageHeight="3508">
        <ReadingOrder>
            <OrderedGroup id="ro_1744120277729" caption="Regions reading order">
                <RegionRefIndexed index="0" regionRef="r"/>
            </OrderedGroup>
        </ReadingOrder>
        <TextRegion id="r" custom="readingOrder {index:0;}">
            <Coords points="525,112 2457,112 2457,3432 525,3432"/>
            <TextLine id="r_tl_1" custom="readingOrder {index:0;} place {offset:0; length:12;wikiData:Q834905;} date {offset:14; length:16;when:18.02.1940;}">
                <Coords points="1106,439 2165,465 2165,304 1985,304 1852,221 1764,234 1689,307 1546,300 1340,187 1239,236 1170,182 1108,234"/>
                <Baseline points="1117,406 1164,406 1209,412 1253,417 1298,420 1343,423 1388,429 1433,429 1477,429 1522,429 1567,426 1612,426 1656,426 1701,426 1746,423 1791,423 1836,423 1880,423 1925,417 1970,414 2015,412 2060,409 2104,412 2149,412 2170,414"/>
                <TextEquiv>
                    <Unicode>Herrischried, 18. Februar 1940.</Unicode>
                </TextEquiv>
            </TextLine>
            <TextLine id="r_tl_2" custom="readingOrder {index:1;} person {offset:14; length:6;}">
                <Coords points="883,682 1151,647 1318,690 1430,647 1539,684 1580,652 1610,675 1696,650 1696,605 1576,540 1417,547 1344,590 1267,545 1143,587 1059,545 980,545 926,585 883,570"/>
                <Baseline points="895,623 940,632 985,635 1030,638 1074,644 1119,644 1164,641 1209,641 1253,638 1298,638 1343,641 1388,641 1433,638 1477,638 1522,635 1567,638 1612,641 1656,641 1698,644"/>
                <TextEquiv>
                    <Unicode>Mein liebster Alfons!</Unicode>
                </TextEquiv>
            </TextLine>
            <TextLine id="r_tl_3" custom="readingOrder {index:2;}">
                <Coords points="804,933 1228,864 1370,905 1505,885 1554,928 1681,875 1786,933 1861,868 2290,855 2290,780 2118,757 1996,802 1895,759 1794,802 1614,774 1402,821 1220,757 1089,821 1010,759 806,765"/>
                <Baseline points="818,856 862,853 907,850 952,850 997,850 1041,850 1086,850 1131,850 1176,853 1221,853 1265,856 1310,856 1355,856 1400,853 1444,853 1489,853 1534,853 1579,853 1624,850 1668,850 1713,850 1758,847 1803,847 1848,847 1892,844 1937,847 1982,847 2027,847 2071,850 2116,847 2161,847 2206,844 2251,841 2295,841"/>
                <TextEquiv>
                    <Unicode>Es ist geschehen was ich nicht wollte,d.</Unicode>
                </TextEquiv>
            </TextLine>
            <TextLine id="r_tl_4" custom="readingOrder {index:3;}">
                <Coords points="671,973 1046,1012 1140,975 1224,1042 1398,969 1623,973 1762,1050 1863,990 2142,1040 2249,1003 2249,907 2182,920 2131,875 1869,933 1644,881 1584,930 1456,881 1381,926 1254,888 1179,933 1125,894 1027,933 671,933"/>
                <Baseline points="683,961 686,961 731,958 776,961 821,961 865,961 910,964 955,964 1000,967 1044,964 1089,964 1134,964 1179,964 1224,964 1268,961 1313,961 1358,958 1403,961 1447,958 1492,958 1537,961 1582,961 1627,961 1671,958 1716,958 1761,958 1806,955 1851,955 1895,955 1940,955 1985,955 2030,955 2074,955 2119,952 2164,949 2209,946 2254,946"/>
                <TextEquiv>
                    <Unicode>war eine feierliche Überraschung wofür ich</Unicode>
                </TextEquiv>
            </TextLine>
            <TextLine id="r_tl_5" custom="readingOrder {index:4;}">
                <Coords points="699,1085 821,1138 928,1078 1044,1085 1136,1145 1306,1074 1631,1104 1732,1065 1863,1115 2064,1072 2152,1143 2247,1091 2247,1020 2146,1042 1728,971 1649,1027 1398,967 1284,1038 1091,975 699,1035"/>
                <Baseline points="710,1065 728,1065 773,1065 818,1065 862,1065 907,1065 952,1065 997,1068 1041,1065 1086,1065 1131,1065 1176,1062 1221,1065 1265,1065 1310,1065 1355,1065 1400,1062 1444,1062 1489,1062 1534,1062 1579,1062 1624,1062 1668,1062 1713,1059 1758,1059 1803,1059 1848,1059 1892,1056 1937,1056 1982,1056 2027,1056 2071,1056 2116,1059 2161,1056 2206,1053 2251,1050"/>
                <TextEquiv>
                    <Unicode>mich bei Dir zu bedanken habe, war ich</Unicode>
                </TextEquiv>
            </TextLine>
            <TextLine id="r_tl_6" custom="readingOrder {index:5;} unclear {offset:8; length:5;} unclear {offset:14; length:9;}">
                <Coords points="705,1254 845,1188 1029,1200 1093,1248 1162,1179 1316,1183 1430,1250 1535,1181 1779,1239 1912,1179 2225,1185 2227,1110 1841,1102 1764,1143 1578,1078 1404,1147 1207,1102 1138,1147 1014,1095 898,1145 776,1106 707,1136"/>
                <Baseline points="719,1179 755,1176 800,1176 844,1176 889,1179 934,1176 979,1179 1024,1173 1068,1173 1113,1173 1158,1173 1203,1176 1247,1173 1292,1173 1337,1173 1382,1173 1427,1173 1471,1170 1516,1170 1561,1167 1606,1167 1650,1167 1695,1170 1740,1170 1785,1170 1830,1167 1874,1167 1919,1170 1964,1167 2009,1167 2054,1167 2098,1167 2143,1167 2188,1164 2233,1167"/>
                <TextEquiv>
                    <Unicode>hiermit recht inniglich tue, so etwas</Unicode>
                </TextEquiv>
            </TextLine>
            <TextLine id="r_tl_7" custom="readingOrder {index:6;} person {offset:15; length:6;} unclear {offset:30; length:4;}">
                <Coords points="737,1295 855,1295 933,1348 1038,1288 1263,1282 1591,1314 1728,1282 1790,1333 1874,1308 1949,1348 2054,1273 2109,1310 2202,1276 2311,1325 2313,1224 2255,1248 2165,1183 2069,1237 1895,1185 1777,1239 1612,1185 1282,1261 1091,1248 1029,1200 898,1241 740,1207"/>
                <Baseline points="752,1280 794,1280 838,1280 883,1280 928,1280 973,1280 1018,1280 1062,1280 1107,1277 1152,1277 1197,1280 1241,1277 1286,1277 1331,1277 1376,1274 1421,1271 1465,1271 1510,1271 1555,1271 1600,1268 1645,1268 1689,1268 1734,1268 1779,1271 1824,1271 1868,1271 1913,1271 1958,1265 2003,1265 2048,1265 2092,1262 2137,1262 2182,1265 2227,1265 2271,1265 2316,1265"/>
                <TextEquiv>
                    <Unicode>bringt nur ein Alfons fertig. Mann</Unicode>
                </TextEquiv>
            </TextLine>
            <TextLine id="r_tl_8" custom="readingOrder {index:7;} unclear {offset:0; length:4;}">
                <Coords points="729,1396 1104,1391 1160,1430 1396,1391 1601,1453 1704,1387 1809,1421 1940,1391 2075,1451 2281,1393 2283,1344 2167,1351 2060,1293 1953,1351 1874,1308 1803,1346 1726,1284 1599,1316 1543,1282 1438,1351 1098,1295 933,1353 838,1295 731,1321"/>
                <Baseline points="740,1379 764,1379 809,1382 853,1382 898,1385 943,1382 988,1382 1032,1382 1077,1382 1122,1382 1167,1379 1212,1379 1256,1379 1301,1379 1346,1382 1391,1382 1436,1382 1480,1379 1525,1379 1570,1376 1615,1376 1659,1376 1704,1376 1749,1376 1794,1376 1839,1376 1883,1376 1928,1376 1973,1373 2018,1373 2063,1373 2107,1373 2152,1373 2197,1373 2242,1373 2286,1373"/>
                <TextEquiv>
                    <Unicode>Rief kommt herein und sagte, sie singen</Unicode>
                </TextEquiv>
            </TextLine>
            <TextLine id="r_tl_9" custom="readingOrder {index:8;}">
                <Coords points="731,1539 1196,1494 1329,1567 1689,1492 1792,1556 2013,1507 2075,1554 2172,1486 2386,1494 2386,1447 2208,1415 2041,1451 1940,1391 1627,1460 1543,1413 1458,1453 1299,1421 1226,1466 1102,1391 1014,1458 731,1396"/>
                <Baseline points="743,1486 779,1480 824,1483 868,1483 913,1486 958,1486 1003,1486 1047,1486 1092,1483 1137,1483 1182,1483 1227,1483 1271,1486 1316,1486 1361,1486 1406,1486 1450,1483 1495,1483 1540,1483 1585,1483 1630,1483 1674,1483 1719,1480 1764,1480 1809,1480 1854,1480 1898,1480 1943,1480 1988,1480 2033,1480 2077,1480 2122,1480 2167,1480 2212,1480 2257,1480 2301,1477 2346,1477 2391,1477"/>
                <TextEquiv>
                    <Unicode>Dir und wirklich es war so, hätte ich nur</Unicode>
                </TextEquiv>
            </TextLine>
            <TextLine id="r_tl_10" custom="readingOrder {index:9;}">
                <Coords points="737,1610 1040,1595 1179,1670 1235,1621 1331,1668 1505,1599 1674,1664 1846,1593 2107,1653 2281,1604 2283,1531 2060,1559 1989,1516 1914,1567 1619,1496 1288,1574 1033,1507 918,1561 789,1526 740,1561"/>
                <Baseline points="749,1585 767,1585 812,1588 856,1591 901,1594 946,1594 991,1594 1035,1591 1080,1591 1125,1591 1170,1591 1215,1591 1259,1591 1304,1591 1349,1591 1394,1591 1439,1591 1483,1591 1528,1591 1573,1588 1618,1591 1662,1588 1707,1585 1752,1585 1797,1585 1842,1585 1886,1588 1931,1585 1976,1585 2021,1582 2065,1582 2110,1582 2155,1582 2200,1582 2245,1579 2289,1582"/>
                <TextEquiv>
                    <Unicode>eine Ahnung gehabt. Aufällig war ja</Unicode>
                </TextEquiv>
            </TextLine>
            <TextLine id="r_tl_11" custom="readingOrder {index:10;} unclear {offset:5; length:4;}">
                <Coords points="699,1728 1173,1706 1286,1771 1441,1704 1599,1706 1644,1754 1790,1698 2425,1704 2388,1589 2292,1642 2180,1614 2017,1664 1852,1666 1784,1623 1659,1666 1595,1614 1537,1659 1374,1629 1325,1666 1235,1593 1134,1655 1018,1601 903,1670 787,1608 701,1638"/>
                <Baseline points="713,1695 725,1692 770,1695 815,1698 859,1701 904,1701 949,1701 994,1698 1038,1695 1083,1695 1128,1692 1173,1695 1218,1695 1262,1695 1307,1692 1352,1695 1397,1695 1442,1692 1486,1692 1531,1692 1576,1692 1621,1692 1665,1692 1710,1692 1755,1692 1800,1689 1845,1689 1889,1689 1934,1689 1979,1689 2024,1686 2068,1686 2113,1683 2158,1683 2203,1680 2248,1680 2292,1680 2337,1680 2382,1683 2427,1686"/>
                <TextEquiv>
                    <Unicode>Dein Prihbesuch und ich komme wieder</Unicode>
                </TextEquiv>
            </TextLine>
            <TextLine id="r_tl_12" custom="readingOrder {index:11;}">
                <Coords points="716,1854 785,1809 1261,1841 1411,1809 1524,1867 1616,1807 1846,1833 1981,1799 2392,1846 2380,1709 1824,1706 1704,1764 1447,1711 1329,1779 1155,1706 952,1743 716,1711"/>
                <Baseline points="728,1797 773,1800 818,1800 862,1800 907,1800 952,1800 997,1800 1041,1800 1086,1800 1131,1797 1176,1797 1221,1797 1265,1794 1310,1797 1355,1800 1400,1800 1444,1797 1489,1797 1534,1797 1579,1797 1624,1797 1668,1800 1713,1797 1758,1797 1803,1797 1848,1797 1892,1797 1937,1794 1982,1794 2027,1794 2071,1794 2116,1791 2161,1791 2206,1794 2251,1794 2295,1797 2340,1797 2385,1800 2397,1803"/>
                <TextEquiv>
                    <Unicode>gegen 7 Uhr, aber ich glaubte an dein</Unicode>
                </TextEquiv>
            </TextLine>
            <TextLine id="r_tl_13" custom="readingOrder {index:12;}">
                <Coords points="714,1912 866,1910 935,1959 1091,1912 1423,1944 1610,1914 1685,1968 1769,1910 1940,1908 2112,1970 2262,1902 2262,1867 2144,1846 1837,1874 1764,1811 1661,1803 1516,1882 1357,1816 1098,1891 990,1811 785,1809 714,1867"/>
                <Baseline points="725,1892 770,1892 815,1898 859,1898 904,1901 949,1901 994,1904 1038,1904 1083,1904 1128,1904 1173,1904 1218,1904 1262,1904 1307,1907 1352,1907 1397,1907 1442,1907 1486,1907 1531,1904 1576,1904 1621,1904 1665,1901 1710,1898 1755,1898 1800,1898 1845,1898 1889,1898 1934,1898 1979,1895 2024,1895 2068,1895 2113,1898 2158,1895 2203,1895 2248,1895 2266,1898"/>
                <TextEquiv>
                    <Unicode>Wort, es gibt kein Ständchen, und ja</Unicode>
                </TextEquiv>
            </TextLine>
            <TextLine id="r_tl_14" custom="readingOrder {index:13;}">
                <Coords points="680,2062 866,2028 984,2084 1198,2019 1679,2032 1679,1983 1574,1923 1475,1955 1391,1932 1306,1987 1106,1910 913,1974 864,1942 680,1951"/>
                <Baseline points="692,2009 698,2009 743,2012 788,2012 832,2012 877,2012 922,2015 967,2012 1012,2012 1056,2012 1101,2012 1146,2012 1191,2012 1236,2012 1280,2012 1325,2012 1370,2015 1415,2012 1459,2012 1504,2012 1549,2009 1594,2009 1639,2006 1683,2006"/>
                <TextEquiv>
                    <Unicode>es ist geschehen und vorbei.</Unicode>
                </TextEquiv>
            </TextLine>
            <TextLine id="r_tl_15" custom="readingOrder {index:14;}">
                <Coords points="785,2124 1070,2124 1166,2191 1314,2135 1655,2184 1826,2120 2022,2154 2380,2116 2358,2019 2174,2075 1822,2028 1554,2058 1505,2017 1108,2037 954,2090 864,2030 785,2054"/>
                <Baseline points="797,2110 815,2110 859,2113 904,2116 949,2116 994,2116 1038,2116 1083,2116 1128,2116 1173,2113 1218,2113 1262,2113 1307,2113 1352,2113 1397,2113 1442,2113 1486,2113 1531,2113 1576,2113 1621,2110 1665,2110 1710,2107 1755,2107 1800,2107 1845,2107 1889,2107 1934,2110 1979,2107 2024,2107 2068,2104 2113,2104 2158,2104 2203,2104 2248,2101 2292,2098 2337,2098 2382,2101"/>
                <TextEquiv>
                    <Unicode>Schon lange träume ich davon, wie soll</Unicode>
                </TextEquiv>
            </TextLine>
            <TextLine id="r_tl_16" custom="readingOrder {index:15;}">
                <Coords points="714,2234 853,2236 918,2287 1087,2227 1288,2298 1505,2279 1584,2227 1957,2255 2217,2221 2217,2114 1944,2189 1831,2122 1651,2187 1417,2187 1323,2139 1170,2184 1072,2137 1014,2174 860,2118 714,2154"/>
                <Baseline points="725,2218 743,2218 788,2215 832,2218 877,2218 922,2218 967,2218 1012,2218 1056,2218 1101,2215 1146,2218 1191,2218 1236,2218 1280,2218 1325,2215 1370,2218 1415,2215 1459,2218 1504,2218 1549,2218 1594,2218 1639,2215 1683,2215 1728,2212 1773,2212 1818,2215 1862,2215 1907,2212 1952,2212 1997,2212 2042,2212 2086,2209 2131,2209 2176,2209 2221,2209"/>
                <TextEquiv>
                    <Unicode>ich mich erkenntlich zeigen, bin auf der</Unicode>
                </TextEquiv>
            </TextLine>
            <TextLine id="r_tl_17" custom="readingOrder {index:16;}">
                <Coords points="707,2335 842,2377 993,2335 1070,2392 1200,2335 1458,2335 1541,2380 1642,2335 2067,2328 2129,2362 2356,2320 2356,2283 2163,2290 2039,2217 1869,2275 1739,2247 1674,2296 1604,2264 1252,2300 1149,2255 1080,2292 707,2296"/>
                <Baseline points="719,2322 749,2322 794,2325 838,2325 883,2325 928,2322 973,2322 1018,2322 1062,2322 1107,2322 1152,2322 1197,2322 1241,2325 1286,2325 1331,2325 1376,2325 1421,2325 1465,2322 1510,2322 1555,2322 1600,2319 1645,2322 1689,2319 1734,2319 1779,2319 1824,2322 1868,2319 1913,2319 1958,2316 2003,2316 2048,2316 2092,2316 2137,2316 2182,2316 2227,2313 2271,2313 2316,2313 2361,2316"/>
                <TextEquiv>
                    <Unicode>Lauer nach einem passenden Lied, wie</Unicode>
                </TextEquiv>
            </TextLine>
            <TextLine id="r_tl_18" custom="readingOrder {index:17;}">
                <Coords points="710,2459 1074,2444 1147,2480 1276,2437 2015,2431 2425,2463 2425,2358 2184,2403 2064,2330 1786,2399 1569,2399 1513,2360 1393,2395 1205,2337 935,2405 710,2332"/>
                <Baseline points="722,2418 767,2421 812,2424 856,2427 901,2430 946,2430 991,2430 1035,2427 1080,2424 1125,2424 1170,2424 1215,2421 1259,2421 1304,2421 1349,2421 1394,2424 1439,2421 1483,2424 1528,2424 1573,2427 1618,2427 1662,2427 1707,2427 1752,2427 1797,2427 1842,2424 1886,2421 1931,2421 1976,2421 2021,2424 2065,2424 2110,2424 2155,2424 2200,2427 2245,2427 2289,2427 2334,2424 2379,2424 2424,2430 2430,2430"/>
                <TextEquiv>
                    <Unicode>Heimatland (es komt in einem Film vor)</Unicode>
                </TextEquiv>
            </TextLine>
            <TextLine id="r_tl_19" custom="readingOrder {index:18;}">
                <Coords points="716,2572 845,2598 935,2545 1059,2600 1226,2547 1659,2538 1719,2596 1824,2557 1878,2605 1947,2545 2073,2581 2251,2547 2251,2480 2090,2450 2000,2502 1914,2463 1839,2491 1756,2440 1537,2504 1276,2437 1068,2506 963,2457 716,2504"/>
                <Baseline points="728,2534 773,2534 818,2537 862,2534 907,2537 952,2537 997,2534 1041,2534 1086,2531 1131,2531 1176,2531 1221,2531 1265,2528 1310,2531 1355,2531 1400,2531 1444,2528 1489,2528 1534,2528 1579,2528 1624,2528 1668,2531 1713,2531 1758,2531 1803,2531 1848,2528 1892,2528 1937,2528 1982,2528 2027,2528 2071,2531 2116,2531 2161,2534 2206,2537 2251,2540 2254,2543"/>
                <TextEquiv>
                    <Unicode>jedoch nicht für Männerchor geschrieben.</Unicode>
                </TextEquiv>
            </TextLine>
            <TextLine id="r_tl_20" custom="readingOrder {index:19;}">
                <Coords points="675,2690 740,2650 853,2648 920,2712 1031,2648 1308,2686 1486,2643 1646,2710 1777,2643 2292,2654 2292,2596 2075,2609 1957,2545 1878,2605 1826,2560 1745,2600 1623,2542 1359,2542 1258,2613 911,2564 842,2596 772,2555 675,2596"/>
                <Baseline points="686,2645 731,2636 776,2639 821,2639 865,2639 910,2639 955,2639 1000,2639 1044,2639 1089,2639 1134,2636 1179,2639 1224,2639 1268,2642 1313,2636 1358,2636 1403,2636 1447,2633 1492,2633 1537,2633 1582,2633 1627,2633 1671,2636 1716,2636 1761,2636 1806,2636 1851,2636 1895,2636 1940,2636 1985,2633 2030,2636 2074,2636 2119,2636 2164,2636 2209,2636 2254,2633 2298,2633"/>
                <TextEquiv>
                    <Unicode>Dachte schon an das Abschiedliedchen am</Unicode>
                </TextEquiv>
            </TextLine>
            <TextLine id="r_tl_21" custom="readingOrder {index:20;} place {offset:8; length:8;wikiData:Q505504;}">
                <Coords points="677,2778 1458,2750 1599,2802 1724,2748 1970,2810 2225,2755 2225,2693 2107,2716 1936,2639 1728,2658 1640,2714 1541,2663 1505,2693 1348,2660 1299,2699 1192,2663 954,2723 787,2648 677,2693"/>
                <Baseline points="689,2746 707,2743 752,2740 797,2740 841,2740 886,2743 931,2743 976,2746 1021,2743 1065,2743 1110,2743 1155,2743 1200,2743 1244,2743 1289,2743 1334,2740 1379,2740 1424,2740 1468,2737 1513,2734 1558,2737 1603,2737 1648,2734 1692,2737 1737,2740 1782,2740 1827,2740 1871,2740 1916,2743 1961,2740 2006,2740 2051,2743 2095,2740 2140,2740 2185,2740 2230,2734"/>
                <TextEquiv>
                    <Unicode>Auto in Neustadt (auf Wiedersehen)!</Unicode>
                </TextEquiv>
            </TextLine>
            <TextLine id="r_tl_22" custom="readingOrder {index:21;}">
                <Coords points="701,2883 875,2868 963,2907 1020,2864 1357,2894 1417,2860 1670,2928 1777,2860 1947,2853 2077,2922 2249,2855 2249,2802 2163,2783 1717,2821 1351,2755 1025,2825 782,2755 701,2791"/>
                <Baseline points="713,2848 731,2848 776,2848 821,2851 865,2851 910,2854 955,2854 1000,2851 1044,2851 1089,2851 1134,2851 1179,2848 1224,2851 1268,2851 1313,2848 1358,2848 1403,2845 1447,2848 1492,2845 1537,2848 1582,2848 1627,2848 1671,2848 1716,2848 1761,2848 1806,2845 1851,2845 1895,2845 1940,2842 1985,2842 2030,2842 2074,2842 2119,2839 2164,2842 2209,2839 2254,2845"/>
                <TextEquiv>
                    <Unicode>Nun zu, es gibt kein zögern mehr.</Unicode>
                </TextEquiv>
            </TextLine>
            <TextLine id="r_tl_23" custom="readingOrder {index:22;}">
                <Coords points="699,3031 866,2976 930,3025 1063,2973 1312,2995 1372,2963 1520,2967 1621,3053 1769,2988 2116,3029 2219,2986 2311,3027 2418,2958 2418,2918 2011,2926 1822,2862 1668,2928 1207,2858 1020,2937 890,2875 701,2881"/>
                <Baseline points="713,2967 722,2964 767,2964 812,2961 856,2964 901,2964 946,2964 991,2967 1035,2964 1080,2964 1125,2961 1170,2961 1215,2958 1259,2958 1304,2958 1349,2955 1394,2955 1439,2955 1483,2955 1528,2958 1573,2958 1618,2958 1662,2955 1707,2955 1752,2955 1797,2952 1842,2952 1886,2955 1931,2952 1976,2952 2021,2952 2065,2952 2110,2949 2155,2949 2200,2949 2245,2949 2289,2949 2334,2949 2379,2949 2424,2946"/>
                <TextEquiv>
                    <Unicode>Beiliegend eine kleine Gabe zur geeig-</Unicode>
                </TextEquiv>
            </TextLine>
            <TextLine id="r_tl_24" custom="readingOrder {index:23;}">
                <Coords points="703,3126 853,3072 1080,3098 1338,3076 1471,3145 1565,3085 1606,3098 1606,2997 1441,2969 1374,3018 1181,3016 1080,2978 999,3018 879,2986 703,3033"/>
                <Baseline points="716,3072 761,3069 806,3066 850,3063 895,3063 940,3066 985,3066 1030,3066 1074,3066 1119,3063 1164,3063 1209,3063 1253,3063 1298,3063 1343,3060 1388,3060 1433,3063 1477,3063 1522,3063 1567,3066 1612,3066 1615,3063"/>
                <TextEquiv>
                    <Unicode>neten Verwendung.</Unicode>
                </TextEquiv>
            </TextLine>
            <TextLine id="r_tl_25" custom="readingOrder {index:24;}">
                <Coords points="853,3179 1027,3250 1110,3194 1314,3175 1934,3226 1992,3177 2075,3186 2077,3087 1844,3130 1661,3068 1475,3145 1342,3096 1278,3141 1132,3089 853,3113"/>
                <Baseline points="865,3167 871,3167 916,3167 961,3170 1006,3170 1050,3173 1095,3173 1140,3173 1185,3173 1230,3173 1274,3170 1319,3170 1364,3167 1409,3167 1453,3167 1498,3167 1543,3164 1588,3164 1633,3164 1677,3164 1722,3161 1767,3161 1812,3161 1857,3158 1901,3158 1946,3158 1991,3158 2036,3152 2080,3152"/>
                <TextEquiv>
                    <Unicode>Sei recht lieb und hrzl. gegrüßt</Unicode>
                </TextEquiv>
            </TextLine>
            <TextLine id="r_tl_26" custom="readingOrder {index:25;} person {offset:5; length:12; continued:true;firstname:Carl; lastname:Burger;}">
                <Coords points="1329,3306 1481,3282 1559,3312 1638,3291 1758,3306 1781,3282 1807,3306 1902,3282 1925,3306 1998,3276 1998,3237 1880,3235 1846,3201 1700,3252 1631,3246 1550,3175 1483,3209 1329,3186"/>
                <Baseline points="1340,3272 1385,3269 1430,3269 1474,3272 1519,3275 1564,3278 1609,3275 1653,3278 1698,3275 1743,3275 1788,3272 1833,3269 1877,3272 1922,3269 1967,3269 2003,3272"/>
                <TextEquiv>
                    <Unicode>Dein Sangesbruder</Unicode>
                </TextEquiv>
            </TextLine>
            <TextLine id="r_tl_27" custom="readingOrder {index:26;} person {offset:0; length:5; continued:true;firstname:Carl; lastname:Burger;} Signature {offset:0; length:4;}">
                <Coords points="1957,3364 1992,3387 2045,3385 2060,3374 2103,3402 2139,3381 2152,3387 2176,3364 2191,3379 2212,3374 2212,3252 2150,3267 2133,3258 2118,3274 2062,3258 2017,3293 1985,3276 1957,3284"/>
                <Baseline points="1970,3358 2015,3355 2060,3355 2104,3355 2149,3355 2194,3358 2215,3361"/>
                <TextEquiv>
                    <Unicode>Carl.</Unicode>
                </TextEquiv>
            </TextLine>
            <TextEquiv>
                <Unicode></Unicode>
            </TextEquiv>
        </TextRegion>
    </Page>
</PcGts>
