2479 3508
1646 298 2295 417 20. April. 31.
967 713 1149 824 Herrn
1282 812 1621 902 Dr. Metzger
986 853 1876 977 Präsident des Bad.Sängerbundes
1539 948 2193 1062 Freiburg i.B.
885 1096 1733 1214 sehr geehrter Herr Präsident!
1091 1236 2193 1331 ich erhielt Kenntnis, das dem hiesigen
405 1306 2196 1377 Männerchor von Seiten des Finanzamtes München Land für die von
407 1362 2252 1425 Herrn Gustav Will vermachten M.1400.-, eine Erbschaftssteuer von
405 1415 2252 1493 M. 196.-. gefordert wird, mit der Begründung, dassdie Männerchöre im
412 1464 1951 1522 allgemeinen nicht als gemeinnützig zu beurteilen sind.
405 1503 2213 1573 Der Männerchor Murg ist ein kleiner Dorfverein ca.35 Sänger und
412 1563 2206 1624 ich muss betonen,dass der hiesige Verein aussejlisslich gemein-
419 1617 2155 1672 nützige Zwecke verfolgt. Bei allen Anlässen der Gemeinde, sowie
419 1653 2242 1716 bei allen wohltätigen Unternehmungen, sei es in der Gemeinde, oder
412 1709 2264 1786 in den Nachbarorten wirkt der Männerchor ohne jede Vergütung mit.
410 1757 2189 1828 Die auf keinerlei Tradition Rücksicht nehmende Nachkriegszeit
412 1779 2361 1891 macht sich beim hiesigen Singverein a u s s er gme w ö h n l i c h
410 1854 2181 1937 stark fühlbar. Murg ist ein kleiner Fabrikort (Textilindustrie)
412 1903 2157 1966 und besteht der Chor aus 8/10 Arbeiter und 2/10 Angestellten.
414 1944 2218 2009 Die starke Wirtschaftskrise spez. in der Textilindustrie hat den
422 2004 2215 2060 Verein schon in grosse Nöte gebracht, Mitgliederrückgang und wie
414 2053 2247 2121 die Erscheinungen alle heissen und die Frage ist nicht fern,wenn
419 2094 2193 2155 die Verhältnisse nicht besser werden,ob der Verein aus eigenen
414 2130 2320 2210 Kräften sich erhalten kann. Konzerte im grossen Stil kommen nicht in
414 2191 2254 2264 Frage die bei grossen Vereinen eine Einnahme bilden. Wenn Sie nun
414 2244 2295 2322 berücksichtigen, dass das ganze Fabrikort hart um sein Dasein ringt
419 2295 2181 2353 kann von Einnahmequellen zur Zeit gar keine Rede sein. Der Ver-
422 2332 2269 2404 storbene Herr Gustav Will war a k t i v e s Mitglied des Vereins
414 2385 2254 2455 und gehörte auch der Vorstandschaft an und hat die Stiftung zwei-
419 2433 1951 2492 felsohne in Erkennung der Nöten des Vereins gestiftet.
410 2463 2249 2538 Ich habe die feste Überzeugung Herr Präsident, wenn Sie eine gute
419 2535 2271 2598 Note dem Verein an massgebender Stelle geben, kann die Bitte nicht
419 2579 909 2659 ohne Erfolg sein.
1219 2593 2046 2715 Mit vorzüglicher Hochachtung
