2479 3508
288 422 2164 584 MÄNNERCHOR MURG
298 558 2181 675 ALTER SCHWEIZER-MÄNNERCHOR
1144 929 1688 1058 Murg, den 1.11.31.
746 1137 929 1250 Herrn
985 1170 1325 1309 Dr. Metzger
779 1250 1672 1402 Präsident des Bad.Sängerbundes
1630 1327 2045 1496 Freiburg i.B.
893 1447 1752 1616 sehr geehrter Herr President!
134 1684 605 1817 Betr. Erbschaft.
912 1754 2366 1914 wir nehmen Bezug auf Ihre Schreiben vom 4. & 27.4.
706 1867 2291 1972 und ist nunmehr vom Finanzamt eine Antwort eingegangen.
905 1925 2239 1974 Sofern wir den Einspruch zurücknehmen will uns
706 1965 2326 2024 das Finanzamt M.70.–. nachlassen,um nun die Angelegenheit
713 2017 2329 2078 aus der Welt zu wissen und doch nicht mehr herauszuholen.
708 2068 2300 2120 ist werden wir dem Antrag zustimmen. Sollten Sie anderer
706 2096 2340 2211 Meinung sein so erbitten wir Ihren Bericht bis zum 5,11.
704 2157 2061 2268 Für Ihre Bemühungen sagen wir herzl. Sängerdank.
1388 2216 2207 2322 Mit vorzüglicher Hochachtung
1271 2312 2162 2404 und treudeutschem Sängergruss.
195 2741 1158 2873 2 Anlagen die wir zurückerbitten.
