2479 3508
1500 136 2096 266 Tiengen, 10. August 1943.
921 474 1761 603 An die Kreisvereine
1115 615 2302 706 des Sängerkreises Waldshut
474 801 955 907 Ich teile folgendes mit:
376 904 2294 981 1. Am 25./26. September wirken anläßlich der Reichsstraßensammlung für das W.H.W. unsere
443 976 2294 1034 Vereine durch den Vortrag von Liedern mit. Wo der einzelne Verein nicht mehr in der Lage
438 1026 2292 1091 ist, selbst zu singen, sind Arbeitsgemeinschaften zu bilden. Auf 1. Oktober ist mir Meldung
438 1081 2290 1141 zu erstatten. Über Liederwahl und Bezugsquellen siehe Bekanntmachung D.S.B.Z. Heft 6/7,
440 1134 2292 1230 S. 73/74. Ferner verweise ich bezügl. der Pflichtchöre auf Heft 4 der D.S.B.Z. vom 15. 4. 43,
440 1187 622 1246 Seite 58.
376 1235 2290 1316 2. Die Folge 2 der Sonderausgabe des kulturpolitischen Mitteilungsblattes geht den Vereinen
443 1316 2285 1400 mit diesem Rundschreiben zu. Sie wird an jeden Kreisverein in 1 Exemplar alle 2 Monate zu-
443 1366 1486 1426 gesandt werden. Siehe auch D.S.B.Z. 6/7, Seite 74.
378 1416 2343 1498 3. Pflichtlieder und Kernlieder. Das Notenmaterial wird, sobald es bei mir eingeht, zum Ver-
445 1483 1062 1550 sand an die Vereine gebracht.
376 1538 2290 1627 4. Der Verwundetenbetreuung ist besondere Beachtung zu schenken. Vortragsfolgen sind in
435 1601 1565 1677 3-facher Anzahl an mich zur Weiterleitung einzusenden.
378 1670 2282 1737 5. Die neue Satzung des D.S.B. (siehe D.S.B.Z Heft 3 v. 15. 3. 43) wird der Beachtung empfoh-
440 1730 2036 1792 len. Die neuen Einheitssatzungen für die Bundesvereine werden später erlassen.
438 1797 2290 1859 Im Jahr 1942 verstorbene Sänger, die sich um die Sängersache besonders verdient gemacht
433 1845 1017 1912 haben, sind nun zu melden.
371 1888 2285 2017 7. Ehrungsanträge und eingesandte Vortragsfolgen müssen die Kennziffer des jeweiligen Vereins
433 1979 593 2036 tragen.
371 2058 1313 2170 Ich erwarte pünktliche Einhaltung der Termine.
476 2141 1050 2266 Mit Deutschem Sängergruß!
1617 2215 1866 2302 Heil Hitler!
1380 2306 2125 2426 Der Sängerkreisführer:
1419 2426 2065 2605 C. Bächle.
182 2517 1254 2696 Burger Karl, geb. 20.2.80
723 2608 1227 2754 gest. 13.I.43
201 2694 1158 2881 Mitglied seit 1920
187 2790 1160 2971 Ehrenführer " 1933
