2479 3508
1197 188 2027 298 Murg, den 12. Oktober 1943.
562 577 776 670 An den
553 651 1169 772 Männer-Gesangverein.
558 763 970 858 Todtnau/Schw.
564 986 1545 1070 Liebe Sangesbrüder von Todtnau !
577 1107 2153 1187 Theodor Enderle ist nicht mehr. Im Dienste für unser
573 1158 2222 1238 Vaterland musste er sein junges, hoffnungsvolles Leben
566 1221 2058 1282 hingeben. Sie haben damit Ihren Vereinsführer und
566 1260 2155 1331 Chorleiter verloren. Wir sprechen Ihnen hierzu unser
564 1333 1275 1405 herzliches Beileid aus.
573 1390 2271 1483 Sie dürfen uns glauben, auch wir haben in dem gefallenen
566 1470 2207 1534 Helden ein grosses Stück Sängerheimat hingeben müssen.
566 1519 2271 1576 Manch einen Kameraden hat die Todesnachricht von unserem
568 1560 2092 1632 lieben Theodor im innersten der Seele erschüttert.
573 1606 2246 1679 Trotzdem Enderle in den letzten Jahren nicht mehr aktiv
571 1666 2271 1740 bei uns mitwirken konnte, ist er jedem Einzelnen von uns
566 1718 2090 1785 und zwar ob jung oder alt ein leuchtendes Beispiel
571 1770 2185 1835 geblieben. Sein Wirken als Chorleiter unseres Vereins
571 1813 2246 1876 darf sich in unserer 50jährigen Vereinsgeschichte sehen
571 1865 2215 1926 lassen. Ich bin felsenfest überzeugt, dass es auch bei
566 1915 2306 2001 Ihnen so sein wird. Der tote Kamerad wird also in unseren
566 1971 1424 2045 beiden Vereinen weiterleben.
1137 2086 2066 2179 Mit freundlichen Sängergrüssen
1230 2155 1757 2243 und Heil Hitler !
1308 2243 1872 2362 Der Vereinsführer:
