2479 3508
1213 269 2133 386 Rhina, den 24. Dezember 1941.
568 547 754 651 Herrn
566 638 1228 775 Hans Habig
579 728 1401 850 Chorleiter des Männerchors
572 824 824 920 Murg
604 1053 1343 1164 Mein lieber Chorleiter !
604 1166 2186 1292 Die dritte Kriegs-Weihnacht ist da. Letztes Jahr um
608 1260 2237 1345 diese Zeit hoffte man auf eine Beendigung des Krieges
615 1292 2173 1388 im Laufe des nun nahezu abgelaufenen Jahres. Leider
611 1347 1499 1435 ist dies aber nicht der Fall.
615 1398 2225 1533 Damit ist unsere Absicht, Ihnen spätestens zu Neujahr
606 1480 2208 1580 1942 für Ihre Arbeit, die Sie nun schon seit Kriegs-
606 1522 2265 1627 beginn in uneigennützigen Weise leisten, in geeigneter
608 1576 2105 1670 Form Anerkennung zu zollen, in's Wasser gefallen.
602 1627 2227 1736 Gerne hätte ich wenigstens unserer Dankbarkeit in der
608 1670 2265 1783 letztjährigen Art Ausdruck gegeben, aber auch dies ist
604 1729 2208 1851 nicht möglich, weil man beim besten Willen die Dinge
608 1768 1345 1862 eben nicht mehr bekommt.
602 1836 2086 1943 Daher muss ich mich darauf beschränken, Ihnen zu
604 1900 2208 1996 Weihnachten nur eine ganz bescheidene Aufmerksamkeit
606 1936 2255 2060 entgegenzubringen. Dieses Christkindchen, es sind zwar
604 2003 2231 2103 nur 2 Päckchen Stumpen, sollen ihnen zeigen, dass der
604 2041 2316 2163 Männerchor an Sie denkt und Ihnen gerne in anderer Weise
604 2101 2261 2218 danken würde, wenn er es nur könnte. Aber aufgeschoben
606 2148 1258 2244 ist nicht aufgehoben.
602 2225 2107 2357 Ihnen und Ihrer Familie ein frohes Weihnachtsfest
602 2295 2069 2421 wünschend, grüsse ich sie im Namen aller Sänger.
1469 2415 1898 2549 Heil Hitler !
1386 2506 1975 2658 Der Vereinsführer:
