2479 3508
1253 224 2102 360 Murg, den 31. Dezember 1940.
565 475 757 589 Herrn
569 584 1001 704 Karl Preiser,
567 672 765 757 Murg.
573 878 1460 1009 Lieber Sangesbruder Preiser !
580 1001 2056 1120 Ich komme zurück auf unsere letzte Unterredung in
584 1094 2023 1197 Waldshut und möchte Sie auf diesem Wege nochmals
588 1168 846 1273 einladen
733 1205 1803 1328 morgen, Mittwoch, den 1.Januar 1941.
763 1314 1816 1410 abends 6 Uhr im Murgtal-Nebenzimmer
588 1378 2069 1460 an unserem Neujahrs-Treffen teilzunehmen und damit
588 1458 1968 1545 den Reigen einer weiteren aktiven Teilnahme an
593 1504 1811 1567 unserem Vereinsleben wieder fortzusetzen.
588 1546 1999 1629 Vergessen Sie die Angelegenheit, die Sie in den
588 1620 1936 1670 letzten Monaten leider von uns fernhielt. Der
580 1655 2056 1733 Männerchor trägt ganz bestimmt keine Schuld daran
593 1716 1995 1775 und es ist deshalb sicher nicht recht, wenn Sie
588 1763 1260 1846 ihn das fühlen lassen.
588 1801 1971 1884 Also bitte tun Sie mir den Gefallen und kommen
584 1881 1613 1949 Sie. Sie sind herzlich eingeladen.
1288 1953 1702 2071 Heil Hitler!
1169 2045 1751 2173 Der Vereinsführer:
