2479 3508
164 140 976 221 Sänzerkreisgruppe II Hochrhein
1313 171 1823 259 Tiengen, im März 1944.
209 216 914 297 im Gau XV (Baden) des D. S.B.
586 513 1370 617 Sängerkameraden!
449 639 2281 693 Mit Wirkung vom 1. I. 44 ist im Gau XV des D.S.B., Badischer Sängerbund, die Neueinteilung der
377 684 2284 738 Sängerkreise in Kraft getreten. Nach dieser Einteilung entsprechen die Sängerkreisgebiete in Zukunft
385 729 2276 783 dem Gebiet der politischen Kreise. Unser bisheriger Sängerkreis trägt jetzt die Bezeichnung "Sänger-
375 769 1975 819 Kreisgruppe Hochrhein" und besteht aus den Sängerkreisen Waldshut und Säckingen.
470 821 2284 883 Durch die Neueinteilung mußten wir den „Liederkranz St. Blasien" an die Sängerkreisgruppe Freiburg
380 881 973 938 (Sängerkreis Neustadt) abtreten.
470 912 2276 978 Wir möchten es daher nicht versäumen, den Sängerkameraden des „Liederkranz St. Blasien" un-
377 959 2276 1018 sern herzlichen Dank für ihre Treue während der Zeit, in der wir mit ihnen arbeiten durf-
389 1011 1752 1068 ten, zu danken und ihnen alles Gute für die fernere Zukunft zu wünschen.
470 1056 2284 1125 Neu erhält die Sängerkreisgruppe im Sängerkreis Waldshut die Männerchöre in Bettmaringen und
385 1104 2276 1163 Schwaningen. Zum Sängerkreis Säckingen kommen die Chöre von Rheinfelden, Nollingen, Wehr, Öf-
394 1163 748 1211 lingen und Karsau.
458 1189 2284 1253 Diesen Vereinen gilt unser herzlicher Willkommengruß und die Bitte um eifrige Mitarbeit im
387 1244 2276 1301 Dienste unseres herrlichen deutschen Liedes. Mit der Führung der Sängerkreisgruppe wurde Photo-
389 1289 2281 1351 graph Carl Bächle in Tiengen betraut. Er leitet gleichzeitig den Sängerkreis Waldshut. Zum Führer
380 1329 2276 1384 des Sängerkreises Säckingen wurde Apotheker Gustav Schwer in Laufenburg, ein bewährter, treuer
389 1384 852 1441 Sängerkamerad, ernannt.
458 1420 1424 1507 Die Arbeitsgebiete sind wie folgt aufgeteilt:
1132 1505 1522 1593 1. Arbeitsgebiete:
389 1588 1206 1664 Sängerkreisgruppen und Hauptsängerkreise
387 1645 572 1700 Ehrungen
387 1673 769 1733 Bestandserhebungen
389 1716 985 1799 Beiträge und Rechnungsführung.
394 1776 688 1825 Wertungssingen
394 1790 1082 1866 Chormeisterschulung und -Lehrgänge
389 1854 1035 1908 Feiergestaltung und Chorberatung
1427 1590 1673 1652 Sängerkreise.
1422 1636 1818 1685 NS.-Volkskulturwerk
1429 1676 2276 1747 Zusammenarbeit mit der Partei (Kreisleitung)
1429 1728 2063 1776 Mitwirkung bei Parteifeiern
1422 1768 2015 1823 Mitwirkung bei Organisationen
1429 1802 2276 1861 Erhaltung und Förderung kulturellen Brauch-
1429 1856 1806 1913 tums und Schaffens.
1173 2077 1488 2184 2. Dienstweg:
714 2174 916 2241 Sängergau
660 2217 966 2284 S.-Kreis-Gruppe
501 2248 987 2336 S.-Kreis Chor.
506 2317 620 2388 Chor
876 2338 1230 2419 Z. B. in Rechnungs-
883 2400 1025 2450 sachen
667 2431 961 2500 und umgekehrt.
1420 2158 2274 2246 Sängergau- S.-Kreis und umgekehrt,
1431 2231 2284 2288 jedoch nur in dringlichen Fällen und unter
1427 2281 1749 2341 Benachrichtigung
1429 2326 1984 2405 (Abschrift) der S.-Kr.-Gruppe.
458 2488 1792 2566 Für die Hauptsängerkreise verbleibt es bei dem bisherigen Verfahren.
1118 2580 1550 2668 3. Veranstaltungen:
387 2649 1142 2730 Tagungen (Anmeldung beim S.-Gau)
389 2701 1241 2780 S.-Kr.-Gruppenfeiern (mit Genehmi-
389 2770 750 2815 gung des S.-Gaues)
394 2787 1241 2853 Dieses Verfahren gilt sinngemäß auch für die
389 2851 627 2920 Haupt-S.-Kr.
1429 2637 2082 2739 Tagungen (Anmeldung bei der
1429 2716 1697 2775 S.-Kr.-Gruppe)
1427 2763 2284 2825 Sängerkreisfeiern (mit Genehmigung
1429 2801 1776 2860 der S.-Kr.-Gruppe)
1434 2846 2286 2903 Veranstaltungen der Chöre oder
1431 2889 2279 2948 loser Chorvereinigungen sind min-
1431 2941 2276 2989 destens vier Wochen vorher unter Vorlage ei-
1429 2979 2276 3036 ner Vortragsfolge dem S.-Kreis anzuzeigen,
1427 3027 2279 3076 der sie prüft und an die Gruppe weitergibt.
1427 3069 2286 3121 Diese erteilt ihr Einverständnis oder macht
1429 3105 1811 3164 ihre Einwendungen.
