3508 2479
1317 200 2107 479 Einladung.
631 455 3129 738 die Gemeindeverwaltung beabsichtigt
212 643 3381 866 in der nächsten Zeit den hiesigen Soldaten wieder
168 766 2993 1010 eine Liebesgabe gukommen zu lassen. Die
156 898 2985 1149 benötigten Mittel sollen durch ein Konzert
192 1050 3397 1253 aufgebracht werden. Dasselbe findet am Ostersonn-
184 1185 3353 1421 tag abends 8 Uhr im Murgtalsaale statt. Der Ein-
216 1329 1509 1485 tritt beträgt 0,50 M.
247 1457 3169 1684 Wir bitten Sie uns zu unterstützen u. damit
283 1593 3173 1840 Ihre Verbundenheit zwischen Heimat u. Front zu
168 1740 830 1964 beweifen.
1716 1812 2997 2115 die Gemeindeverwaltung.
