2479 3508
1224 457 2124 581 Rhina, den 27. Oktober 1941.
529 725 746 826 Herrn
542 785 1075 873 Jakob Küpfer
538 861 981 950 "zum Meyerhof“
536 941 1026 1032 M u r g /Baden.
536 1086 1139 1203 Lieber Herr Küpfer!
542 1184 2054 1263 Als ich am Samstag Abend von einer Geschäftsreise
536 1257 2114 1316 nach Hause kam, sagte mir meine Frau, dass Sie mich
536 1310 2105 1401 besuchen wollten und gab mir gleichzeitig Ihr Brief.
542 1355 948 1444 vom 24. d.M.
540 1409 2062 1485 Während meiner Amtstätigkeit als Männerchor Führer
523 1475 2052 1539 habe ich schon so oft Ihr offenes Herz für unsere
513 1531 2060 1605 Sängersache kennen gelernt. Ich weis, dass keiner
540 1582 1955 1640 mehr wie Sie unsere Opfer um das deutsche Lied
554 1627 2056 1687 achtet und schätzt. Dies stellen Sie nun wieder
544 1679 2025 1735 erneut unter Beweis. Schon seit einiger Zeit be-
550 1716 2165 1786 schäftige ich mich mit dem Gedanken, wie wir unseren
550 1778 2186 1842 Kameraden in Felde zu Weihnachten, dem Fest der Liebe
542 1823 2179 1899 und des Gebens, eine Freude machen können, welche die
538 1873 2072 1936 Soldaten, wie Sie richtig schreiben, wirklich ver-
542 1918 2118 1994 dienen. Erst vor zwei Wochen habe ich die Sänger um
546 1973 1992 2021 Unterstützung beim Zustandekommen der Feldpost-
542 2006 2147 2083 Päckchen gebeten. Nun nehmen Sie mir mit Ihrer hoch-
550 2066 1908 2140 herzigen Spende von RM. 100.-- alle Sorge ab.
544 2116 2151 2192 Im Namen des Chors hiermit meinen aufrichtigen Dank.
546 2175 2068 2254 Ich werde die Vorstandschaft sowie den Verein über-
569 2237 2029 2293 Ihre edle Handlungsweise am kommenden Donnerstag
546 2276 2198 2375 orientieren und das Geld dem gedachten Zweck zuführen.
544 2334 1473 2447 mit herzlichem Sängergruss und
1320 2451 1815 2565 Heil Hitler !
1230 2556 1893 2670 Der Vereinsführer:
