2479 3508
1143 241 2012 474 H, den 2. März 1940.
866 540 1412 709 Mein lieber Alfons!
750 659 2355 927 Lensehalb. Nenn ich deine Aufführung as
786 855 2272 1031 dehtig antrechen muß, so ist doch die Lage
781 963 2395 1143 für mich ewas anderst. Ich kann nicht ein-
788 1057 2412 1239 laden zu einem Schoppen, denn geh ich Hirschen,
788 1165 2312 1330 dann jammert das Eckhard oder Adler
800 1270 2308 1442 oder sonst eine Wirtschaft. In den Be-
813 1385 2327 1539 langen das Männerchors bin ich nicht mehr
805 1478 2418 1652 so im Bilde, ich weiß, daß Ihr Noten braucht
809 1594 2289 1764 und andere Auslagen habt, daher zur
805 1688 2374 1882 geeigneten Verwendung. Ich verstehe Euvh
815 1789 2346 1980 nur zu gut bezüglich Der Aulage, aber
792 1908 2393 2082 so rasch kommt die Ruhe nicht, bei wach-
1745 2005 1857 2088 darf
783 2022 2395 2175 samen Auge kann und doch erskieren.
754 2122 2261 2291 Also bitte keine Wirtschaft, was müsst es
764 2221 2410 2395 heute einem Sänger 2-3 Schoppen, praktisch
735 2344 1235 2516 gleich Null.
1021 2435 2427 2619 Wer hieroben haben Einquartierung
707 2537 2295 2704 250 Mann 400 Pferde, das is für H.
720 2643 2418 2827 Allerhand. Nun ja Ihr werdet auch so etwas
697 2772 997 2924 haben.
1035 2850 2329 3011 Auf in baldiges Wiedersehen freue
728 2954 2075 3151 ich mich und grüße Dich inzwischen
1569 3068 1764 3219 herzl.
1791 3104 2128 3274 Dein Carl
