3508 2479
158 167 1043 350 Männerchor Murg
139 313 1056 427 (Alter Schweizer Männerchor)
2118 362 3202 548 Murg, den 4. Januar 1940.
1170 545 1935 740 Einladung
613 690 2941 830 für Samstag: den 6. Januar 1940, abends 8 Uhr, in den
613 817 2068 913 Rheinischer Hof Hirschen (Nebenzimmer) zur
1167 892 2719 1037 Generalversammlung
610 1003 1836 1136 mit folgender Tagesordnung:
706 1112 2530 1238 1) Rechenschaftsbericht des Vereinsführers
842 1214 2468 1297 über die beiden letzten Kalenderjahre.
830 1279 3044 1403 Kassenbericht des Kassiers über denselben Zeitraume
839 1356 2784 1489 Verlesen der Statistik über den Probenbesuch.
839 1421 1440 1514 Verschiedenes.
839 1468 1687 1576 Wünsche und Anträge.
700 1502 2619 1663 6) Neuwahl des 1.Vereinsführers gem. den vom
821 1635 2892 1756 Deutschen Sängerbund herausgegebenen Satzungen.
613 1722 2963 1858 Es ist selbstverständliche Pflicht eines jeden aktiven
619 1814 2830 1923 Sängers, an obiger Generalversammlung teilzunehmen.
607 1889 3096 2025 Darüber hinaus aber würden wir uns freuen, wenn sich auch
616 2003 3059 2124 die Passiven einfinden würden. Ich lade Sie hiermit ganz
616 2062 1836 2201 besonders zur Teilnahme eine
2282 2183 2864 2331 Heil Hitler !
2068 2304 2907 2424 Der Vereinsführer:
2152 2387 2478 2478 A.Zimmermann
