2479 3508
692 193 1066 477 Entwurf
537 504 992 631 Herr oder F,
1606 223 2375 355 Murg, den
893 733 2375 854 Seit vielten Jahren wird bei Anlässen und in den Ge-
444 818 2309 882 sangsstunden der Mangel eines Klaviers ausserordentlich empfunden.
446 879 2325 934 Die Uebungsstunden werden mit einem kleinen Harmonium durchgeführt
441 909 2422 970 Abgesehen davon, dass das Instrument nicht dem Verein gehört und daher
444 956 2369 1022 jederzeit zurückgegeben werden muss, erfüllt dasselbe bei der heuti-
449 1011 2378 1074 gen Stärke des Vereins nicht mehr seinen Zweck. Der Verein steht
446 1061 2322 1113 vorder Frage Anschaffung eines neuen grossen Harmoniums oder eines
446 1108 2322 1165 Klaviers. Aus eigenen Mitteln ist der Verein nicht in der Lage die
435 1157 2411 1215 Anschaffung durchzuführen und beabsichtigen wir daher bei sangesfreun-
441 1207 2383 1273 den ein zinsloses Darlehen zu beschaffen, welche Schuld durch Losung
449 1254 2347 1311 jährlich mit M 2-300 abzutragen ist. Wir vertrauen auf das Gemein -
438 1292 2314 1350 schaftsgefühl, indem wir auf andere Orte und Städte hinweisen, die
438 1344 2314 1394 schon längst im Besitze eines eigenen Klaviers sind, ebenfalls auf
438 1386 2378 1444 Grund von Zeichnungen von Musikfreunden und der Gemeinde. Wir bitten
433 1424 2207 1501 Sie um gütige Zeichnung ,und ist ein echter Sängerdank sicher.
1102 1524 1948 1659 Mit treudeutschem Sängergruss
1228 1661 1798 1707 Männerchor Murg
1241 1718 1814 1776 (Alter Schweizer Männerchor)
1360 1789 1784 1830 Burger
314 2245 639 2358 Vohels beicht
303 2314 653 2419 Suter Emil
303 2391 625 2491 Habig Hans
289 2455 733 2584 Weis z. Gem Hof
292 2535 716 2653 Laule g Riesse
1033 2455 1397 2587 Kraftwerk
1047 2587 2234 2725 Nilun  } antworteten nicht.
1044 2694 1369 2879 Riegeler
