2479 3508
604 322 995 545 O
705 509 1366 667 H huliter
1390 537 1751 659 Hellsten
1642 656 1859 770 Mür
1577 293 2371 455 Murg, den 31.8.25
867 846 2344 943 Beit vielten Jahren wied bei Anlkeen und in den Ge-
412 919 2287 978 ingertunden der Mangel einen Elviere ausserordentlich enfunden,
420 970 2301 1024 Die Lebuggstunden werden mit einen kleinen Harmoninn durchgeführt,
423 1005 1919 1062 Angenchen daven, dass den Instrument nicht dem Verein
1943 1000 2393 1073 gehört und daber
420 1054 2341 1114 jederzeit zurickgegeben werden muns, gefült dasseibe bei der heutt
428 1095 2352 1160 gon Stärke das Voreine nicht mehr peinen Zweck. Der Verein stcht nun
428 1144 2290 1201 vorder Trage Acheng eine nenen groen amenlume oder einer
425 1192 2282 1249 Llviore. Aus eigenen Mittein ist der Verein nicht in der Tage die
415 1233 2390 1304 Anschaffung durchanführen und beabeichtigen wir daher bei Sangestrom
425 1295 2352 1358 den ein eineloger Darichen zu beschaffen, welche Schrid durch loeung
423 1333 2306 1390 jänrzich mit 1 es abentragen ist, wie vertrauen auf das Gemein-
423 1374 2268 1428 schaftaefü, inden wir cur andere Orte und Stuätg hinweisen, die
420 1423 2287 1472 schon inpat im Beeitse ohnes eigenen Klaviere sind, obenfalin euf
423 1455 2350 1526 Grund von Zeiohnungen von Unilfreunden und der Gemsinde. El--bitten
423 1518 1702 1593 die um gütige Zeiohug,und ist ein echter 3
1737 1509 2182 1580 gerenk sicher.
946 1935 1409 2057 Zeichnungsliste
1081 1607 1919 1710 uit troviestschen Singereru
1298 1705 1894 1791 Mynharchor Murg
1298 1759 1892 1862 ghegtschuzicer-Mannercor
1444 1813 1650 1892 dag
268 2331 1919 2466 Hellstern, wegen andernweitigen Ausgaben nicht möglich.
