2479 3508
13 35 715 234 Männerchor Murg
1906 138 2196 239 28.Aug.2
88 207 731 308 (Alter Schäetzer-Männerchor)
619 300 800 404 EIrma
899 335 1364 500 Hüssy & Künzli
1513 473 2058 588 Säckin gen
715 784 2393 872 seit vielen Jahren wird bei Anlkeeen und in den-Gosangs-
335 840 2398 928 stunden der Mangel einen Klaviere ausserordentlich empfunden: Die be-
338 915 2430 981 zungestunden werden mit einem kleinen Harmonium durchgeführt, Abgeechen
346 973 2396 1029 davon, dass das Justzument nicht den Verein gehört und daher jederzeit
340 1021 2398 1077 zurückgegeben werden mung, orfülitaapselbe bei der heutigen Stürke des
343 1074 2396 1119 Voreins nicht mehr seinen Zwock.Der Vorein stcht nun vor der Trage An-
340 1114 2419 1173 schartung einen neuen grospon Harmonimne oder cines Elaviere. Aus cige-
335 1159 2451 1220 non littein ist der Vorein nicht in der Tage die Anschaffung durcheufüh-
332 1215 2435 1266 ron und boabsichtigen wir dcher bei sangesfreunden cin zinsloses Darle-
335 1260 2467 1319 hen zu beschaffen, welche Schuid durch Lesung jährlich mit 1 2-300,-aber
343 1305 2467 1359 tragen iot. wir vertrauen auf dan Oomeinschaftsgefühl, inden wir auf en-
332 1348 2465 1404 dere Orte und Stuate hinreinen, die schon lungt im Beeitze einee eigene
332 1401 2459 1457 Einviere sind, obenfalle auf grund von Zeichnungen von Knsikfzeunden und
338 1444 2454 1529 der Gemeinde. Eir bitten sie um gutige Zeichnung und ist ein ochter sun-
335 1486 784 1579 gerdant sicher.
1114 1755 1566 1877 Zoschungesleste
1428 1529 2305 1630 mit trondentochem Sängergruss
1771 1598 2103 1654 7
1755 1702 1904 1787 hu
2026 1696 2374 1819 C. Laule
