2479 3508
675 440 865 549 Herrn
821 494 1664 677 Ernst Friedrich Döbeie,
1642 616 2005 752 Murg/Rh
425 853 1011 999 Bstr. Harserankanf
1021 979 2319 1125 wir versäumen nicht Ihnen für Ihre vornehmen
430 1080 2213 1214 Zeilen, nebst Zustimmungserklärung für den Anteil von 1 1o0.-
455 1177 2361 1318 echt deutschen Sängerdank zum Ausdruck zu bringen. Ihre Erkenntnis
425 1271 2280 1409 setzen wir voraus, dass wir nicht biindlinge an den Ankauf eines
420 1367 2322 1498 Elaviers herantreten, sondern unser Rundschreiben hatte lediglich
420 1454 2334 1560 den Zweck zunlchst einmal einen Fond zu gründen, erreicht derselbe
420 1535 2361 1674 die Hühe, dass man zu einem Ankauf schreiten kann, werden sämtliche
415 1642 2332 1746 Zeichner zu einer Besprechung eingeladen und wird die ganze Finen-
420 1738 2354 1837 zierung und Abldsung in die Hände der Bezirkssparkasse Murg gelegt.
410 1842 2388 1956 Für den Ankauf selbst werden wir Herrn Obezlehrer Graf in Verbindung
413 1921 2334 2027 mit unserem derzeitigen Dirigenten, Herrn kern zu gewinnen suchen.
1031 2018 1899 2161 mit treudeutschen Süngergruss
1308 2136 1904 2275 Männerchor Mur-
1318 2240 1921 2356 (Aller Schweizer-Männeichor)
1335 265 2173 420 lurg, den 10. Sektember 1925.
