2479 3508
866 519 1051 609 Herrn
1009 616 1829 740 Ernst Friedrich Döbele,
1563 747 1886 830 Murg/B
478 897 1358 1087 Sehr geschätzter Bungesfreund!
1018 1094 2265 1211 Durch flotte Zeichnungen und durch besonders
488 1173 2298 1315 günstigen Ankauf des Klviers teilen wir Ihnen mit, dasd die An-
495 1285 2324 1403 teilscheine auf M 50.- verringert, werden können. Wir haben Herzn
490 1361 2307 1487 Bräm im Hinblick aufeein grosses Entgegenkommen den geforderten
485 1451 2329 1579 Betrag von I 900.- auf dem Creditwege durch die hiesige Bezirke-
490 1539 2307 1670 sparkasse überweisen lassen. Um Zinsunkosten nach Möglichkeit zu
471 1625 2379 1748 verringern, ist unverzügliche Deckung orforderlich und bitten wir sie
488 1746 1848 1853 recht höflich, um Ueberweisung nach Ihrem Sinne,
978 1810 1825 1910 Mit treudeutschem Süngergruse
1237 1891 1820 1998 Mannerchers
1246 1962 1834 2081 Alter Schweiner Fänerchor)
1727 421 2255 547 Wurg, den 14.0.28
