2479 3508
878 507 1074 602 Horrn
1017 621 1621 748 Friedrich Laule,
1239 729 1607 819 zum Hirschen
1567 866 1895 956 AurgsB
498 1029 852 1156 Detr. Mleris
899 1045 1041 1147 mkaut
1161 1095 2358 1251 wir beziehen uns auf unser diesbezügliches
489 1213 2358 1336 Schreiben und nehmen Bezug auf die mündlichs Unterhaltung zwischen.
489 1317 2263 1425 Ihrer sehr geschätzten Frl. Tochter Line und dem Unterzeichner.
489 1399 2381 1520 Durch flotte Zeichnungen verringern sich die Anteilscheine und wür-
498 1489 2374 1612 den Sie, gegobenenfalls, dass Sie zeichnen, einen Betrag von USe.-
491 1598 2329 1692 zu leisten haben. wie Ihnen bekannt sein wird, ist das Instrument
498 1659 2296 1756 bereits gekauft und haben wir infolge des günstigen Angebots die
498 1753 2325 1860 verlangte Summe auf dem Creditwege bereits abgetragen. Wir wider-
491 1857 2299 1966 holen unsere Aeusserung, dass es sich lediglich um ein zinslosen
486 1940 2348 2048 Darlchen handelt. Natürlich wir vermögen und wollen auch Ihre Vor-
486 2023 2379 2136 hältnisse nicht beurteilen und soferndie Zeichnung eine Harte sein
481 2103 2367 2235 sollte, bitten wir um Ihre umgehende Rückäusserung, im anderen Fall
512 2188 2268 2336 ist sofortige. Ueberweisung, um Zinsunkosten zu vermeiden, wün-
486 2275 814 2398 schensuert.
1008 2367 1867 2487 mit treudeutschem Sängergruss
1253 2461 1841 2579 Mönnerchor Murg
1246 2556 1836 2655 (Alter Schreizer-Minnesche-
1569 354 2254 481 Murg, den 14.Sept. 1926.
