2479 3508
851 408 1041 566 Herrn
997 516 1755 669 Friedich Brutsche,
1218 643 1631 763 Bückermeister
1572 726 1901 825 uursB
867 905 2286 1032 wir verdanken Ihnen Ihre frdl.Zeilen vom 16or.,in
464 1011 2314 1138 denen wir entnehmen durften, dass Sie dem Verein zur Anschaffung
462 1089 2309 1228 eines Klaviere den Betreg von 1 lo0.- zur Verfügung stellen. Wir
457 1206 2264 1334 freuen uns über Ihren Entschluss und dürfen Sie echt deutschen
457 1279 1192 1409 Süngerdankes sicher sein,
886 1360 2337 1492 Durch die flotten Zeichnungen, sowie durch das be-
462 1470 2337 1572 sondere Untgegenkommen eines Süngerfreundes, der uns sein eigenes
462 1550 2276 1675 Flavier zu einemschr annehmbaren Preise zur Verfügung stellte,
462 1642 2340 1772 wurde es ung möglich, das Instrument bereits anzuschaffen und he-
455 1746 2267 1866 rein zu nehmen. Die Beckung ist, soweit wir es heute üborschen
467 1819 2342 1944 können, erreicht und ist es vorläufig nicht erforderlich, die an-
469 1920 2271 2024 gebotenen M lo0.- hereinzunehmen. Sellten irgendwelche Beträge
457 2000 2352 2114 noch nötig sein, was sich heute unserer Kenntnie entzieht, so er-
464 2104 1713 2222 lauben wir uns erneut an Sie heranzutreten.
855 2187 2349 2319 Bei Mieser Gelegenheit möchten wir noch dann andere
462 2286 2347 2410 Bitte aussprochen und zwar die, dass sich Ihr Herr Sohn, als wur-
457 2370 2262 2483 ger Bürger unsersn aktiven Reihen anschliesst. Die Sie wiesen,
462 2460 2274 2597 bildet die Seeiß des Vereine der Bürgerstand. Eir hoffen gerne,
462 2564 2333 2691 dass es nur disber kleinen Anregung bedarf und begrüssen Sie mit
1213 2667 1953 2773 trondeutschem Büngergrusg
1388 2780 1991 2879 Märmerchor Mara
1383 2872 2000 2981 Aer6eher ero
1642 356 2290 476 Wurg, den 18.Sept. 25
