2479 3508
663 477 842 594 Fizma
857 525 1312 690 Hüsgg & Künzli,
1281 678 1888 768 Säckingen Rh
472 866 1036 978 detr. Marierankeuf
1033 1005 2334 1122 mit besonderer Freude nahmen wir Kenntnie von
472 1067 2355 1215 Ihrer Zeichnung von 2! 300,- und nehmen Sie bitte für Ihre vorneh-
463 1184 2358 1301 me Art,echten deutschen Süngerdank entgegen. Ihre Handlung ist für
472 1274 2379 1394 unse rneut ein Ansporn für das hohe Ideal des deutschen Liedes wei-
480 1367 2362 1479 ter zu wirken, um durch die gewaltige Urkraft des Liedes den Wirt-
463 1463 2381 1594 schaftskampf unter den vorschiedensten Berufen in friedlichere Beh
458 1546 881 1647 nen zu lenken.
971 1618 2329 1747 wir möchten Sie orientieren, dass wir nicht de-
472 1720 2379 1852 rar denken, kurzerhand ein Klavier anzuschaffen, sondern wir wollen
463 1833 2372 1940 für diese Anschaffung zunüchst einen Fomd gründen, Ergibt dee Bam-
463 1902 2348 2002 molsumme den Betrag, der den heutigen Flavierpreisen ontspricht,so
468 2007 2308 2121 wird der Verein gerne Veranlassung nehmen, sämtliche Zeichner zu
468 2100 2331 2179 einer Sondersitzung einzuberufen, um über die ganze Angelegnaheit
463 2176 2300 2274 eine miindliche Aussprache horbeizuführen. Die Finanzierung,sowie
456 2281 1976 2398 die Ablösung ist durch die hiesige Sparkasse gedacht.
959 2362 1818 2472 mit treudeutschem Süngergruss
1339 2448 1775 2553 narcher Murg
1265 2534 1790 2625 Sehwaeanr
1589 372 2358 515 Murg, den 11.September 25
