3508 2479
0 0 100 10 München 28.V.1942
0 20 100 30 Lieber Otto, Berlin
0 40 100 50 Heute abend fand ein Konzert im Opernhaus in München statt, und ich
0 60 100 70 lauschte den himmlischen Stimmen des Männerchors Hintertuüpfingen eV.
0 80 100 90 Das alles fand im Rahmen des WhW - des Winterhilfswerk statt.
0 100 100 110 Ich hoffe wir sehen uns bald bei einem Auftritt des Männerchors Murg wieder, oder in Hänner?
0 120 100 130 Grüss mir den Vereinsführer Asal,
0 140 100 150 Alles Liebe,
0 160 100 170 Deine Lina Fingerdick
0 180 100 190 An Otto Bolliger, Adolf-Hitler Platz 1, Murg
