2479 3508
69 353 2356 477 e seinen Reisegepäck, den ganz gewichtigen Notenkoffer mit, den ihm
72 425 2376 530 anderer Schläuberger vorübergehend" aufgehängt hatte. An Eingen-
72 483 2332 570 stfandbad angekommen, begaben wir uns auch sofort zur Besichtigung
78 547 2356 634 desselben zum Strande, während sich einige badelustigen Sangesbrüder in
72 602 2399 697 Kabinen badefertig machten. Der Einzige, der am Eingang zum Strang-
72 654 2356 752 al Wieder kehrt machte und mit seinem Gepäck im Schweisse seines Ange-
78 709 2327 790 zentes wieder der Stadt zuwanderte war unser Zapfe. Wie er später er-
75 761 2272 859 ate, habe er sich scheniert ins Strandbad hinein zu gehen, als er
75 816 2347 903 e Eingangstore die vielen Badenixen im Badekostum sah. Auch er-
75 868 2373 969 e er sich der Mahnung seiner Alten über Anständigkeit auf der Rei-
75 923 2303 1027 1 andern jedoch amüsierten uns grossartig am prächtig gelegenen
75 975 2321 1074 aesprand, wo wir auch bald einige Lieder erschallen liessen, die uns
64 1030 2350 1134 gefalt eintrugen. Nach einigen fotografischen Gruppenaufnahmen
61 1079 2277 1186 sich auch einige schneidige Badenixen beigesellten, machten wir
78 1134 2335 1236 eg zum Wiederabmarsch, denn die Auffahrtszeit zum Pfänder rück-
78 1186 2283 1294 ean. Nachdem die erwähnten " Fussfesten" ihren Aufstieg etwa um
84 1239 2274 1348 Nachmittags antraten, fuhren wir andern, die wir den bequemeren
75 1299 2251 1395 eg vorzogen, um 5 Uhr 15 mit der Schwebebahn in Bregenz ab zur
67 1348 2269 1458 aaerhohe. Unvergesslich dürfte jedem Teilnehmer diese Schwebebahn-
78 1403 2370 1525 a aurch märchenhafte Gebirgslandschaft mit herrlichem Rundblick sein.
72 1444 2243 1557 u Unser Zapfe, der auch mitfuhr, verzichtete auf den Genuss dieses
72 1502 2373 1620 herrlichen Rundblicks. Ihn packte das Gruseln. Er zog es vor, an sicheter
81 1551 2295 1661 telle, etwas ergriffen und mit bleichem Gesicht, ruhig auf dem mitge-
78 1603 2191 1719 schleppten Notenkoffer sitzen zu bleiben mit dem ersehnten Wunsche:
75 1661 2292 1774 nein mr nur schu dowe wäre " Für die andern war nur zu bald das Zie
81 1710 2318 1829 ezreicht und frohgemut gings dem Endziel unserer Reise zu, zum Gasths
87 1759 2335 1878 "Pfänder-Dohle“ das verträumt in der nahen Talmulde lag. Hier trafen w
81 1811 2318 1927 wieder mit unseren Brüdern, die den Aufstieg zu Fuss unternomme
75 1866 2286 1985 und vor uns am Ziele waren, zusammen. Hungrig, durstig und ein
81 1919 2257 2029 etwas ermüdet, liessen wir uns in der heimeligen Wirtsstube
78 1974 2335 2081 nieder zum wohlverdienten Vesper. Nach eingenommener Stärkung
87 2023 2353 2136 kleiner Bummel zwecks Besichtigung der herrlichen Umgebung. An
84 2078 2329 2179 daran folgte die Erledigung der Quartierfrage, was nur kurze
87 2127 2318 2246 spruch nahm. Im Gasthaus Pfänder-Dohle war nur ein Zimmer mit
78 2179 2324 2283 acht zixkez Betten wurden im Hotel Pfänder belegt, alles übri
81 2231 2327 2332 zog Heulager. Es folgte das gemeinsame Nachtessen bestehend
84 2289 2301 2393 gulasch und Kartoffel, was Qualitatigv befriedigte, Quantitativi
87 2338 2321 2428 zu wünschen übrig liess. Mittlerweile neigte sich die Sonne ur
98 2382 2350 2483 ten Reisetages stark dem Westen zu. Ein kleiner Abendspaziergang
81 2431 2344 2544 des Pfänder-Hotels fand allgemein Anklang und hat sich auch sehr ge
95 2483 2269 2587 Von der Bergspitze aus genossen wir ein Naturschauspiel, das jeder
78 2538 2306 2639 uns lebtäglich in Erinnerung bleiben dürfte. “ Sonnenuntergans am Poden-
90 2587 2263 2685 see " Fast unbeschreiblich schön und maiestätisch rollte sich hie
81 2636 2266 2732 Naturdrama vor unserem Auge ab, das wohl zu den schönsten Erinnerus
81 2691 2289 2781 unserer ganzen Sängerreise zählen dürfte. Vor uns breitete sich nir
87 2737 2341 2827 fernen Horizont die ganze Bodenseelandschaft mit Berge und Talern und
84 2790 2329 2868 im Tale liegenden ruhigen Seespiegel in wunderbarer Farbenpracht aus.
78 2856 2338 2920 sich, fortwährend dem Stande der langsam untergehenden Sonne entsprech
87 2891 2306 2966 veränderte und malerische Stimmungen in ergreifender Schönheit und E-
87 2943 2246 3018 benheit hervorzauberte. Mit zunehmender Dunkelheit verschwand der
78 2998 2306 3079 glühende Sonnenball am Horizont und schon leuchten, zuerst einzeln, de
