2479 3508
210 435 2258 500 immer mehr die Lichter ringsum auf den Bergen und im Tale aus wie
216 489 2272 552 blitzende Sterne. Bald war die, vor unseren Füssen liegende stadl
230 541 2326 615 Bregenz in ein einziges Lichtermeer getaucht und auf dem dunkel ge-
227 580 2414 664 wordenen See konnte man die Signallichter der Kursdampfer wie wandelt
227 645 2351 722 de Sterne verfolgen. Tief beeindruckt von diesem einigartigen schau-
238 703 2324 782 spiel verliessen wir nach 9 Uhr die Bergeshöhe und wandelten talde-
235 730 2414 828 wärts unserer Herberge Pfänder-Dohle zu, um noch zum Abschluss des La-
235 798 2258 883 bes einige gemütliche Stunden in der Sängerrunde zu verleben. Bei-
235 839 2315 919 Scherz und frohem Liede vergingen noch einige Stunden, bis sich die
238 897 2291 984 im Hotel Pfänder einquartierten Kameraden von uns trenten und ihr
246 938 2403 1031 Betten aufsuchten. Auch das eine Zimmer in der Dohle wurde aufgeset
254 1001 2294 1077 wahrend sich die Heubodengäste erst viel später vom Becher trei
246 1055 2343 1132 konnten um dann ebenfalls ihr Naturlager aufzusuchen. Mithin
257 1094 2406 1176 erste Tag der Sängerreise beendet, jedoch nicht die erste Nacht
246 1143 2376 1225 mehr versprach diese Nacht manchem zum Erlebnis zu werden.
260 1206 2326 1282 nentor zum Heuboden war die ganze Nacht hindurch geöffnet un
262 1247 2351 1331 war auch gut so, denn es wickelte sich auch durch dieses Se
265 1312 2411 1383 die ganze Nacht hindurch ein reger Verkehr zwischen Heuboden
262 1350 2313 1424 er Natur ab. Fortwährend kamen und gingen Gäste, so dass die
262 1391 2408 1479 schlafsuchenden nicht zum schlafen kamen, wozu die Hitze und
268 1441 2346 1539 gen noch beitrugen. Selbst an theatralischer Abwechlung hat
271 1487 2408 1588 gefehlt. Eine, ob des seltenen Besuches neugierige Alpenkuh be-
268 1539 2411 1629 einige male die fremden Gäste im Heu, nicht, ohne jedesmal ihr
271 1588 2387 1673 tenkarte abzugeben, die von den dauernd kommenden und gehen
265 1648 2411 1728 gründlich zerpflückt wurde. Zwei fachkundige Junggesellen, ein
260 1695 2315 1774 und ein Blechner nahmen sich des vierbeinigen Stöhrenfriede
260 1769 2255 1823 führten in an Kopf und Schwanz einige Zeit auf der Alm spazi
262 1785 2315 1875 Es dauerte jedoch nicht lange und schon ging ein neuer Akt über
262 1845 2408 1925 Heubühne. Als nähmlich der Zapfe zum dritten male zum rötzen
268 1897 2302 1979 gegnete ihm eine neugierige fesche Alplerin und bat um Besichti
268 1938 2436 2020 des gemeinsamen Lagers. Kurz entschlossen packten einige krä-
271 1993 2433 2067 te zu und in hohem Bogen flog die Küchenfee mitten unter die
262 2045 2378 2124 Das Ach -u. Wehgeschrei der Fee konnte nicht verhindern, de
262 2089 2433 2168 dem ganzen Heuboden herumgezogen wurde, wobei allerdings der
257 2141 2430 2217 mut in der Hitze des Gefechtes den nicht gerade kleinen Absa
260 2187 2444 2269 den am Unterkiefer zu spühren bekam. Nur mit vieler Mühe ist
262 2242 2310 2313 wegte den vielen Händen entronnen und erlangte wieder die
260 2296 2285 2365 Jedoch nach kurzer Pause wiederholte sich dieselbe Szene unt
260 2343 2408 2419 Motto:" Auf der Alm da gibts ka Sünd.“ Mittlerweile begann es z
254 2392 2277 2463 und so etwa um 5 Uhr früh krochen die Nachtgeister aus dem He-
262 2439 2417 2518 Freie. Teppichumhüllt lagen sie bleich und schlaftrunken am Berge
262 2493 2378 2564 und liessen sich von der Morgensonne bescheinen. Nur noch ei
257 2548 2414 2616 nun endlich Ruhe haben wollten, sah man in tiefem Schlaf vers-
254 2586 2419 2671 Liegestühlen, die sie zum Heuboden schafften, schnarchend in
290 2646 2318 2715 Tag kauern. Eine erlebnisreiche, schlaflose Nacht war vorüber
260 2690 2296 2764 machte kurze Morgentoalette, der Blechnerhans liess sich sogarv
254 2745 2346 2816 Metzgerdolfi im Grase liegend rasieren und alles wartete aus
262 2788 2351 2862 wärmenden Morgenkaffee, der auch bald darauf eingenommen wur
262 2849 2455 2922 Bezahlung von MK. 1.20 für Kaffee, Butter und Brot (Heulager wa
257 2898 2414 2988 los) war Abmarsch zum Pfänder-Hotel, wo wir die anderen Kame
254 2952 601 3021 der trafen.
