2479 3508
179 420 2294 498 Nach dreistündiger Fahrt lief der Dampfer um 16 Uhr 50 Konstanz alt.
179 484 2361 565 Hier hatten wir noch etwa 2 1/2 Stunden Aufenthalt bis zum Abgang un-
185 537 2364 604 seres Zuges um 19 Uhr 24 nach Murg. Man teilte sich in kleine Gzupden
182 593 2294 649 und jeder Sänger konnte über die Zeit bis zum Abgang des Zuges 11e-
190 615 2417 708 verfügen. Kurz vor Abgang des Zuges traf man sich am Bahnhof und puhel-
190 683 2397 764 lich um 19 Uhr 24 rollte unser Zug unserer Heimat Murg zu, wo mit halt
187 736 2300 828 12 11 hr wohlbehalten ankamen und von unseren Angehörigen Treuate
187 778 2431 873 empfangen wurden. Zum Empfang stieg am Bahnhof ein Lied, dem ein schher
190 836 2300 923 diges Marschlied zum Hirschen folgte. Nach kurzem Abtrunk würde ade
199 892 2364 974 wohlverdiende und ersehnte Bett aufgesucht. Selbst unser Zapte 208 6.
1981 934 2403 1021 zurückzuzie-
196 962 1955 1018 vor, nach ein bis zwei Becher sich in den hinteren Hammet
1844 982 1950 1041 ns
193 993 2395 1080 hen. Es musste übrigens festgestellt werden, dass sich;Sonst zienlie
196 1049 2389 1133 reiseerfahrener Zapfe während der ganzen Sängerreise eine überraschen-
199 1099 2328 1186 de Zzurückgezogenheit auferlegte und zwar in jeder Beziehung. So ver-
199 1133 2445 1236 mied er es z.B. streng, seinem sonst gesunden Durst die Oberhand zu Las-
204 1197 2353 1287 sen, weshalb er statt wie gewohnt Schoppen, vorsichtigerweise nur Be-
213 1250 2342 1343 cher trank. Auch vom anknüpfen näherer Beziehungen mit Damen, sa
210 1304 2389 1388 entgegen seiner sonstigen Gewohnheit, vollständig ab, so dass
204 1351 2392 1435 men werden muss, dass entweder die zur Bevölkerungspolitik notwe
210 1404 2420 1477 Voraussetzungen bei ihm vollständig abhanden gekommen sein müsse
215 1460 2328 1544 dass er befürchtete, die,xit als Folge früherer Sängerreisen,
210 1497 2364 1586 ilegitime Korrespondenz, mit der Anknüpfung weiterer Beziehung
224 1553 2417 1648 zu vermehren. Schliesslich scheinen nicht zuletzt die ermahne
227 1611 2325 1695 seiner Ehehälfte, vor Antritt der Sängerreise, er solle sich be
934 1653 2392 1765 führen, auch dazu beigetragen zu haben, sich im
215 1670 915 1746 schen und anständig auf
215 1732 1452 1788 Rahmen der N.Z.B. zugehörigen zu halten.
221 1743 2417 1835 Abschliessend kann wohl die Sängerreise 1938 zu den schönsten
224 1810 2255 1883 werden, die der Männerchor je gemacht hat. Hat sie doch eine
221 1841 2353 1958 schönster Erinnerungen bei jedem Teilnehmer hinterlassen, die
238 1927 1108 1986 täglich nicht vergessen wird.
372 1947 2263 2037 Darum Sangesbrüder, schliesst Eure Reihen immer enger, pflegt
227 2000 2467 2081 nebst dem deutschen Liede, auch die Geselligkeit und echte Kame
238 2056 2451 2134 Vergesst die Reisekasse nicht, die es Euch ermöglicht, schöne un
229 2118 1569 2193 liche Stunden im Freundeskreise zu verleben.
1155 2182 1639 2291 Heil - Hitler !
1771 2249 2244 2442 Pr. Jung
