2479 3508
755 431 954 538 Herrn
967 521 1644 690 Oberlehrer J. Graf
1622 628 1943 737 dure
466 907 1368 1059 Sehr geehrter Herr Oberlehrerl
989 1066 2369 1201 Wenn auch nicht überraschend, so erreichte ung
473 1161 2389 1266 die Versetzung des Herrn Kern doch verfrüht und so reiht sich für
476 1278 2421 1358 unseren Verein eine Schwierigkeit der andern an. wie sie begreifen
478 1350 2444 1482 werden, ist dieser Fall für den Vereinsehr prägnant und wir wenden
476 1455 2412 1545 uns in dieser Not an Sie, mit der höflichen Bitte, uns an die Hand-
478 1565 2429 1672 zu gehen,bis wir eine geeignete Musikkkraft,die wir höffentlich mit
476 1647 2384 1761 Ihrer Unterstützung bald erhalten werden, gefunden haben. Es wäre
473 1719 2424 1861 uns sehr erwünscht, wenn sie kommenden Donnerstag die Gesangsstunde
478 1829 2307 1946 mit Ihrem Besuch beehren würden,damit eine Aussprache zwiechen
468 1921 2474 2045 Dirigent -Dirigent über die bisherigen Einübungen von Liedern statt
473 2005 2426 2123 finden kann. Sofern es Ihnen angenehm scheint mit dem Unterzeichner
468 2085 2399 2220 vorher eine kurze Rücksprache zu pflegen, bitten wir sie um Angabe
463 2182 1928 2314 der Zeit, in welcher Ihnen ein Besuch passend ist.
944 2270 2394 2434 Nochmals bittend unserem Wunsche nachakommen, be-
468 2334 1046 2484 grüssen wir Sie mit
1153 2464 1888 2598 treudeutschem Sängergruss
1614 291 2379 419 Wurg, den 23.Oktober 1925.
