2479 3508
632 390 2258 483 Die Ortsschulbehörde wird sich der Erkenntnis nicht ver¬-
295 462 2330 593 schliessen können, dass äusser den bestehenden Schwierigkeiten, de
303 568 2296 706 Vereinsleitung bei dem derzeitigen Auswuchs im Vereinsleben entstehen,
290 663 2284 783 diesen Schlag nicht bestehen kann. Wir bitten ergebenst,höflichst und
295 755 2361 879 eringend, im Interesse der Pflege des deutschen liedes, für uns an
298 853 2358 958 gebender Stelle das Erforderliche einzulegen, um den Männerchor Murg
293 938 1313 1081 Gemeinde lebenskräftig zu erhalten.
609 1110 1038 1261 Chrenpensident
650 1218 1058 1387 ge 6. Futer
1760 1030 2081 1153 e Sorstend
1803 1102 2129 1256 g Bege
1893 1626 2248 1780 Schriftführen
1891 1747 2168 1883 g Laut
