2479 3508
103 382 1885 544 bleiben. Zu meinem grossen Bedauern bin ich daher nicht in der
100 542 1773 620 lage, jetzt noch in Ihrer Sache irgendetwas tun zu können.
382 623 1878 747 Sie werden versuchen müssen, mit Hilfe Ihres Bürger-
93 709 1857 804 meisters oder Gemeinderats beim Kreisschulrat zunächst einmal
103 818 1833 914 anzuregen, dass er möglichst bald an Stelle eines der andern
103 904 1833 988 Lehrer an Ihrem Orte einen zur Uebernahme Ihres Chormeiste--
105 1005 1859 1095 postens befähigten und bereiten lehrer bei erster Gelegenheit
112 1095 1878 1219 nach Murg zehersetzeg. Insbesondere müssen Sie darauf achten,
117 1219 1806 1298 dass, wenn wieder einmal eine Hauptlehrerstelle in Murg zur
105 1301 1883 1384 Besetzung ausgeschrieben wird, der Bürgermeister darauf sieht,
115 1379 1940 1508 dass an die Spitze seinek Vorschlage ein Herr gesetzt wird, über
112 1465 1897 1570 den Sie sich zuerst erkundigt haben, ob er als Chormeister bei
115 1558 1988 1673 Ihnen tätig sein kann und will. Dieser Rat ist mir im Ministerium
112 1666 2019 1785 einmal erteilt worden und man hat mir gesagt, dass man, besonders
122 1759 1902 1864 wenn in diesem Falle beim Ministerium noch ausdrücklich darum
122 1828 2035 1973 gebeten wird, bei der Zuteilung des Hauptlehrers Rücksicht genehmen
117 1990 301 2052 werde.
933 2117 1754 2234 Mit sangesbrüderlichem Gruss
604 2176 818 2334 1
1377 2262 2002 2408 F Wassmer
