2479 3508
239 547 2243 645 ALEMANNISCHER SÄNGERGAU
1278 776 2346 852 SCHOPFHEIM, den 26.  Mai 1920
517 1074 1497 1235 An den verehrlichen Gesangverein
869 1202 1381 1333 Männerchor Murg
1575 1336 1807 1441 Murg
721 1595 1293 1759 Werte Sangesfreunde.
386 1792 2175 1940 Unsere Bemühungen,beim Unterrichtsministerium ,die Genehmigung
325 1910 2351 2031 zu erhalten ,dass Herr Hauptlehrer Fischer von Niederwihl Ihren Verein
325 1993 1822 2124 dirigieren darf ,waren leider ohne Erfolg geblieben.
381 2099 2313 2197 Herr Fischer hat schon vom Ministerium die Genehmigung zur Ausübung
330 2187 2268 2323 mehrerer Nebenbschäftigungen erhalten und darf deshalb ein weiteres
318 2296 1091 2399 Nebenamt nicht übernehmen.
386 2371 2376 2507 wenden Sie sich doch einmal an Herrn Gesangsdirigent Rübin in Steinen
330 2490 2301 2603 vielleich übernimmnt er oder sein Sohn die beide sehr tüchtige und er-
320 2560 2250 2664 folgreiche Dirigenten inunserem Gaue sind aushilfweise Ihren Verein.
612 2666 2263 2780 Wir bedauern sehr diese über Ihren Verein den wir sehr zu
323 2757 2235 2883 schätzen wissen ,hereingebrochene Krisis und hoffen dass solche bald
325 2850 857 2986 behoben sein wird.
859 2946 1817 3067 mit treudeutschen Sängergrüssen!
920 3039 1371 3173 die Gauleitung:
932 3135 1298 3284 Wian.
633 3140 822 3258 i.A.
1378 3173 1855 3291 Gauschriftführer
