2479 3508
102 365 2045 546 Meine derzeitige Arbeit ist so wichtig, daß ich keine Zeit
63 478 2040 633 finde, meiner Familie beim Umzug zu helfen; doch hoffe
42 570 2142 722 ich, daß sie ohne meine Mithilfe fertig wird. So ist es heute.
68 656 2084 814 Sollte aber das siegreiche Kriegsende mich noch am Leben
32 756 2050 887 seien, dann werde ich Euch eines Tages überraschen, u.
32 848 2076 1005 ich bin davon überzeugt, daß Ihr Euch meiner noch er-
39 937 2079 1095 innern werdet. Mit dieser letzten Feststellung drücke
32 1024 2053 1184 ich jedem Kameraden die Hand. Möge Euch ein guter
39 1121 2021 1268 Stern begleiten, u. mich soll es freuen, wenn Ihr gut
26 1215 2058 1370 u. aufrichtig an mich denkt. Lebt recht wohl, meine
29 1302 2139 1462 Kameraden u. grüßt in meinem Namen alle Kameraden
39 1391 2061 1538 an der Front. Das Schicksal hat mich fortgeweht, doch
42 1473 2126 1646 scheide ich ohne Groll. Singt noch einmal das herrliche
63 1570 2270 1706 Lied: die alten Straßen noch... – die alten Freunde aber....!
326 1667 1887 1767 Euern lieben Familien u. dem Verein
74 1683 270 1798 Euch,
268 1751 1580 1900 gehören meine besten Wünsche
969 1877 1181 2048 Euer
1234 1877 2307 2066 Walter Wolf Nr. 32618
1108 2029 1659 2171 u. Familie
136 2139 1945 2355 Lieber Alfons! So geht es im Leben. Vielleicht
147 2300 1982 2460 kommt einmal die Gelegenheit, mit dir über
116 2386 2058 2557 so manches noch zu sprechen. Nehme du u. deine
123 2494 1743 2654 liebe Familie beste Grüße entgegen von
1058 2562 2121 2672 deinem Walter u. Familie
